2744 4696
446 316 589 433 777777.
634 360 769 411 cuore.
793 360 844 410 tv.
1113 335 1200 413 2119

132 500 436 569 Nigrusoecaadutnrenu]
452 502 631 554 Novumeuim
671 501 709 550 sic
726 500 794 550 enlm
815 500 878 550 licet
897 499 1062 565 interpretari
1088 503 1203 551 coloratos

97 590 201 643 semper
210 577 299 628 limum
320 578 407 643 trabit,
418 577 463 644 qui
485 577 566 629 efficit
584 577 632 627 t'oe·
670 578 750 626 Indos.
783 579 817 626 Et
829 578 884 640 ipsc
893 575 1008 627 fluvinsa
1024 576 1136 641 nigrore,
1147 578 1203 627 Me·

98 652 267 703 surditatem.
308 653 385 703 Unde
403 661 432 703 et
453 654 528 703 Nilus
546 653 632 703 dictus
669 652 735 702 lonis
747 653 807 702 olim
819 662 1016 717 cognomentum
1026 651 1127 704 habuit.
1148 655 1202 706 Uu-

100 734 152 791 cst,
162 728 235 793 quasi
251 724 307 777 νέαν
321 727 383 791 iuba,
393 728 420 778 id
437 736 486 792 est,
497 744 591 779 novum
603 728 631 777 li-
670 729 702 780 de
721 729 816 781 Catull.
836 744 894 779 enm
905 730 943 781 ait
955 744 1059 794 aeqnora
1075 732 1201 781 colorare.

97 816 171 867 vum,
182 804 294 854 trahens.
327 805 395 854 Nam
411 810 488 854 autea
498 806 573 855 Nilus
583 804 631 854 La-
668 807 799 857 Pantanus.

99 879 155 928 tine
166 880 231 928 Meto
243 879 388 930 dicebatur.
411 880 526 930 Serena.
701 885 750 931 294
768 883 852 931 Omnis
860 882 938 944 regin]
962 881 1116 948 AEgyptiaca
1134 879 1202 931 scili·

106 1002 111 1011 ,
133 955 215 1017 Nigro
224 954 308 1017 7777777]
324 955 399 1005 ΡυΙΙο
419 955 551 1021 fertilique
562 956 631 1006 limo.
668 965 730 1007 cet:
758 973 816 1022 quae
828 965 884 1008 tota
896 957 951 1006 fere
963 958 996 1006 ab
1008 964 1065 1007 arte
1080 970 1205 1021 reparan-

98 1031 144 1081 Ita
164 1029 288 1095 Propert.
308 1045 347 1082 777.
367 1037 391 1082 6.
407 1031 417 1095 ξ
427 1033 514 1096 nigras
531 1033 553 1081 si
569 1033 630 1097 quid
669 1033 998 1098 darnmapumpendebat.
1016 1034 1202 1099 Apiurineuinr

99 1106 368 1171 sapisinterarenas!
399 1109 466 1158 Sunt
480 1114 517 1172 et,
537 1108 580 1172 qui
597 1107 631 1158 ad
669 1124 719 1158 una
739 1124 799 1159 cum
822 1111 923 1175 apibus,
945 1118 1054 1175 propter
1084 1120 1205 1174 magnam

101 1183 214 1247 primum
225 1189 253 1232 et
263 1185 349 1234 77777717
367 1183 473 1249 AEgypti
492 1198 585 1234 nomen
596 1185 632 1233 al·
671 1185 725 1234 Nili
747 1185 941 1235 inundationem
963 1202 1033 1250 saepe
1051 1186 1204 1250 obruuntur,

99 1261 184 1309 lustuu
192 1265 295 1324 putent,
306 1276 357 1326 qno
373 1259 440 1325 χώρα
454 1263 502 1310 τῶν
512 1258 633 1322 peamau
669 1259 707 1308 sic
720 1260 837 1310 utnulla
849 1261 1103 1326 apesretiqnesiut:
1123 1274 1203 1328 quare

101 1338 147 1386 dor
158 1336 303 1388 dicebatur.
339 1338 482 1389 Tnubmuuu.
669 1332 747 1385 fluvio
764 1335 796 1384 ad
817 1337 917 1387 alveum
937 1345 1079 1401 remeante,
1100 1339 1203 1390 restitu-

134 1418 183 1464 297
200 1414 291 1479 Raetus]
308 1415 433 1467 Abundat
441 1416 508 1466 cuim
518 1417 631 1481 seopulis
670 1411 742 1460 cudis
754 1411 844 1476 apibus
856 1426 961 1475 operam
972 1428 1066 1464 navare
1076 1414 1204 1480 cogeban-

99 1497 128 1541 et
140 1490 208 1540 saxis
220 1493 314 1556 acutis,
321 1507 368 1556 per
374 1509 431 1558 quae
441 1492 630 1558 praecipitatur.
671 1495 728 1538 tur:
746 1487 824 1553 quod,
833 1489 1204 1557 putrefactovituli'sauguiue,

101 1565 169 1631 Vide
179 1567 266 1617 877777.
276 1567 292 1618 Ι.
304 1569 351 1618 ult.
379 1568 453 1618 Idem.
670 1563 758 1615 facere
769 1573 964 1616 consueverunt.
998 1568 1096 1632 Mcpea.

135 1642 229 1707 Septem
238 1644 352 1694 discurrit
359 1645 386 1694 77
393 1644 446 1707 orn]
461 1647 504 1695 De
514 1645 574 1697 Nilo
584 1645 633 1697 hoc
704 1644 797 1709 0777777,
812 1645 865 1709 ipa]
892 1648 959 1697 Tota
976 1647 1105 1713 AEgyptus
1115 1643 1143 1697 iu
1153 1648 1203 1700 bau

102 1718 211 1781 dictum,
232 1735 283 1771 nou
300 1720 334 1773 de
353 1721 577 1784 incantemus.
595 1722 632 1772 sic
670 1717 775 1771 Aristaei
792 1729 848 1772 arte
864 1737 935 1786 spem
953 1724 1029 1788 apum
1050 1723 1203 1790 reparanda*

102 1800 191 1845 noster
210 1809 248 1846 77.
260 1799 317 1846 800.
344 1796 400 1847 ‘Et
418 1804 519 1862 septem
540 1796 633 1862 gemini
670 1798 819 1861 rumpouit.
855 1800 1000 1850 Tuubmnuu.

102 1869 211 1921 turbant
232 1871 335 1936 trepida
352 1872 417 1923 ostia
437 1873 510 1923 Nili!
530 1886 569 1924 tx.
590 1877 632 1923 su.
702 1875 770 1924 Jncit
786 1877 897 1941 sulutem]
913 1878 988 1926 ’.777777
1009 1892 1058 1942 pro
1080 1878 1158 1941 77777777,
1175 1880 1204 1929 77

101 1946 219 2010 ‘septem
231 1947 364 1998 amnibus!
389 1949 454 2000 lude
476 1948 553 2001 Ovid.
565 1951 633 2000 Met.
671 1951 745 2015 pouit
763 1966 839 2017 apum
864 1953 1066 2017 reparandarum
1082 1955 1203 2004 7717777777.

102 2034 121 2070 r.
141 2023 199 2072 422.
227 2021 381 2087 Septemfluas
401 2039 432 2076 11.
455 2029 513 2077 255.
532 2032 634 2090 septem
672 2029 772 2091 Cicero,
789 2029 956 2081 ‘Jactasunt
970 2028 1140 2082 fundamenta
1160 2031 1204 2084 de·

103 2098 181 2162 ostia,
191 2107 291 2165 septem
303 2103 382 2153 valles
392 2101 474 2154 factas
486 2119 542 2155 esse
558 2119 635 2169 prop·
670 2102 792 2154 tensionis
802 2106 884 2156 meae?
916 2105 1024 2158 87777777.

104 2182 146 2223 ter
155 2185 259 2225 exustus
267 2191 347 2242 aquas
355 2179 406 2229 l.v.
416 2184 471 2231 187.
483 2180 541 2245 ‘qni
552 2195 579 2230 se
592 2196 635 2246 gc·
703 2180 770 2230 Jncit
779 2180 889 2245 7777777777]
914 2181 985 2233 Citnt
1000 2183 1075 2235 Nou.
1084 2184 1167 2236 Marc.
1179 2200 1204 2236 c.

103 2249 186 2300 uituru
196 2254 365 2316 septemplice
374 2255 451 2306 Nilo?
462 2257 528 2307 lux.
538 2262 594 2308 trs.
607 2264 636 2307 et
672 2260 697 2306 4.
713 2257 805 2308 Cicer:
816 2257 931 2322 Philipp.
940 2273 959 2308 1.
979 2260 987 2286 ⁴
998 2259 1024 2309 777
1040 2258 1090 2325 qun
1107 2262 1204 2325 templo

101 2326 221 2390 ‘septem
239 2326 368 2392 digestum
379 2332 404 2380 in
416 2345 513 2382 cornua
532 2332 635 2384 Nilum?
673 2335 747 2396 posui
769 2332 937 2385 fundamenta
959 2334 1048 2399 pacis?
1064 2352 1066 2357 ·
1081 2337 1148 2390 Quae
1171 2351 1205 2387 ex

104 2403 157 2470 Tot
168 2401 237 2468 frugi
251 2405 364 2456 homiues
382 2422 433 2459 nou
454 2409 564 2475 reperiri
576 2425 637 2474 que·
673 2408 802 2472 congestis
817 2408 945 2473 lapidibus
957 2411 1092 2475 eriguntur
1102 2419 1130 2462 et
1139 2420 1206 2463 stru·

102 2480 171 2529 77777
181 2480 302 2532 Juvenal.
319 2497 382 2534 aru.
398 2489 440 2534 27.
457 2486 538 2550 ‘quot
548 2485 636 2536 divitis
673 2483 816 2544 nummati
824 2482 960 2533 dicuntur:
980 2484 1205 2549 statuminetur,-

103 2555 172 2606 ostia
194 2556 273 2608 Nili?
300 2559 333 2609 de
358 2560 396 2610 bis
420 2563 514 2625 passim
535 2562 635 2613 Podtae.
673 2559 767 2610 crece
783 2561 864 2622 τεῖχος
880 2556 1034 2616 7777777771
1045 2564 1205 2624 77777777λεῖ7,

104 2631 201 2682 Graeca
229 2635 347 2699 quaedam
374 2638 499 2701 Epithcta
530 2640 637 2704 collegit
673 2650 720 2700 pro
739 2650 844 2700 ponere.
859 2637 961 2686 Solinus
980 2641 1056 2688 725.
1074 2638 1109 2688 ad
1128 2646 1204 2704 quent

103 2707 194 2762 Germ.
205 2710 237 2758 ad
247 2724 284 2760 vs.
296 2715 352 2762 788.
386 2715 529 2766 Emessam.
673 2713 758 2763 locum
768 2713 876 2763 Salmas.
887 2726 913 2778 p.
924 2718 982 2765 3779.
1015 2717 1161 2767 Emmeacss.

137 2789 185 2834 293
216 2786 293 2850 Usque
313 2790 432 2854 7777777777]
479 2791 635 2855 'instantiust
706 2789 839 2851 nosipsos
858 2788 1002 2852 7777777777]
1025 2788 1205 2842 Adsustiuen-

103 2859 112 2887 ‘
124 2860 164 2911 Ex
174 2861 307 2926 AEthiopia
317 2880 398 2930 usque
408 2868 464 2918 haec
476 2869 533 2920 est:
542 2869 638 2920 Sanus.
673 2862 734 2911 dum
743 2867 841 2912 tautum
850 2870 879 2913 et
888 2864 1071 2914 coarctandum
1081 2864 1153 2916 bovis
1165 2880 1206 2917 cn·

104 2934 156 2984 tius
168 2935 247 2986 item:
263 2937 364 2990 ‘Quem
376 2948 448 2993 trans
459 2949 577 3008 stagnum
586 2959 637 2995 om·
674 2939 763 2990 dalet·
795 2938 901 2990 nonu.

106 3016 148 3067 uis
165 3017 291 3081 usquead
302 3016 412 3070 flumen!
424 3020 464 3071 bic
476 3037 547 3086 ergo,
557 3037 637 3086 usque,
706 3016 820 3079 unguas
836 3015 950 3080 7777777777]
974 3016 1046 3068 Hinc
1064 3016 1156 3084 incipit
1166 3034 1205 3070 ra·

105 3093 208 3142 eloco·
226 3095 278 3142 ut
271 3110 344 3157 rpse:
361 3095 480 3146 ‘ltaliam
488 3097 636 3162 ¹-lougepro
674 3093 711 3143 tio
733 3093 957 3144 restaurandarum
983 3109 1061 3158 apum
1081 3111 1114 3145 ex
1138 3111 1205 3146 caeso

105 3168 193 3233 spexit
210 3169 243 3218 ab
255 3185 336 3245 usque
348 3171 487 3236 Pachyno!
526 3172 636 3235 Plaitnrg.
673 3172 748 3222 bove.
761 3170 841 3221 Rem
835 3177 909 3220 istam
917 3177 1018 3221 tautum
1027 3171 1115 3236 attigit
1124 3170 1206 3221 Arist

141 3244 219 3308 Usque
238 3236 349 3294 eoloratis
371 3247 484 3310 devexus]
510 3248 531 3297 Α
555 3250 635 3313 nigris
672 3249 766 3309 Varro,
775 3246 854 3297 Ouid.
864 3247 960 3296 Fasti.
972 3247 1087 3297 Galenus
1095 3247 1128 3296 de
1136 3262 1207 3298 com

104 3334 187 3384 usqne
208 3320 372 3385 AEthiopibns
399 3321 523 3373 defluens.
566 3326 634 3374 Nam
672 3339 727 3390 pos.
721 3323 869 3371 .Pharmac.
877 3323 895 3370 l.
903 3334 944 3370 11.
953 3322 1135 3386 etapudillum
1144 3323 1208 3374 Phi-

105 3397 182 3445 ladioe
201 3397 303 3446 nomine
314 3399 373 3447 olim
384 3403 411 3448 et
425 3399 555 3463 AEtbiopiae
566 3415 636 3449 max·
670 3402 696 3450 lo
712 3397 820 3464 (nescio,
830 3411 862 3445 au
871 3395 989 3458 tudens)
1001 3397 1045 3461 qni
1055 3413 1117 3462 apes
1128 3397 1205 3450 vocat

107 3474 159 3522 ima
172 3487 230 3535 pars
243 3475 410 3524 censebatur:
428 3477 540 3526 Turrneb.
552 3491 591 3525 xr.
609 3479 634 3525 9.
670 3480 739 3524 77777777
750 3473 823 3533 777777,
831 3478 859 3522 et
867 3472 919 3522 alil.
932 3473 964 3522 ln
973 3487 1024 3522 uno
1034 3473 1148 3524 Auctore
1156 3474 1208 3524 Ge·

106 3547 218 3600 Quidam
239 3550 361 3599 coloratos
378 3551 505 3615 stigmatis
524 3551 635 3601 variatos
671 3550 838 3615 oponicarnm
860 3549 1065 3612 praeceptionum
1093 3549 1209 3599 resista

104 3631 248 3688 exponunt.
288 3625 430 3675 Tuubmnnn.
671 3630 727 3678 late
738 3626 902 3678 describitur.
938 3627 1022 3674 cerda

139 3702 263 3766 Deventia]
299 3704 352 3753 Pro
375 3706 496 3754 deuectum:
520 3703 634 3755 Turneb.
705 3704 816 3765 Exiguus
837 3702 949 3765 primurn,
969 3699 1022 3762 ipa]
1058 3700 1206 3761 Coartatus,

106 3794 185 3830 xxvi.
198 3786 238 3831 28.
273 3781 346 3830 ldcm.
672 3795 722 3831 uon
735 3780 811 3837 latus,
831 3783 877 3827 aut
895 3775 1093 3839 transpirnbilis:
1120 3783 1150 3826 777
1166 3775 1206 3824 ni·

140 3858 257 3906 Colorntis
266 3859 367 3906 7777777777
379 3856 409 3905 ub
427 3857 506 3919 ludia]
530 3857 636 3907 simula·
671 3857 763 3906 mirum
784 3854 861 3904 citius
879 3853 920 3901 bic
942 3852 1043 3915 sanguis
1063 3858 1205 3915 putrescat,

105 3947 151 3983 cra
163 3932 268 3997 reliquis
277 3931 423 3982 fluminibus
435 3948 467 3982 ex
478 3932 564 3996 lapide
576 3947 636 3981 cau·
672 3948 705 3982 ex
716 3946 767 3996 quo
776 3944 838 3994 apes
848 3932 1011 3992 generentur.
1045 3928 1138 3990 Mcyen.

106 4008 170 4059 dudo
181 4008 238 4058 fieri
258 4009 385 4071 solebant,
395 4016 424 4057 ut
436 4005 558 4056 undarum
569 4006 636 4057 ulto·
704 4011 753 4057 296
768 4005 918 4068 Augusthne
925 4003 1022 4052 77777777
1032 4003 1101 4065 77777]
1127 4000 1204 4052 Licet

105 4099 160 4135 reru
173 4085 365 4150 exprimerent
392 4086 452 4135 Nilo
468 4099 529 4133 vero
543 4096 583 4175 ,ex
599 4083 636 4133 ni·
672 4090 701 4134 et
716 4084 755 4132 7777
773 4083 864 4131 imbrex
884 4084 978 4130 lectum
994 4080 1038 4141 sit,
1055 4078 1145 4127 melius
1167 4085 1205 4126 ta·

106 4174 160 4226 gro,
171 4170 200 4213 ut
213 4163 352 4215 Pausanias
364 4165 400 4214 777
401 4138 557 4233 ‚propterea
567 4165 637 4230 qnod
672 4176 730 4211 men
742 4158 881 4210 secundnm
892 4158 1023 4218 Plautum,
1039 4155 1089 4204 lucc
1111 4154 1222 4207 imbrex

105 4238 636 4311 exAEtlriopiadelabitur,uthicdicitur;
673 4237 798 4288 dicimus.
823 4248 932 4300 namque
950 4233 996 4297 777,
1015 4230 1145 4301 ‘Fregisti
1157 4232 1205 4284 lm·
