<?xml version="1.0" encoding="UTF-8"?>
<!DOCTYPE html PUBLIC "-//W3C//DTD XHTML 1.0 Transitional//EN"
    "http://www.w3.org/TR/xhtml1/DTD/xhtml1-transitional.dtd">
<html xmlns="http://www.w3.org/1999/xhtml" xml:lang="en" lang="en">
 <head>
  <title>
</title>
<meta http-equiv="Content-Type" content="text/html;charset=utf-8" />
  <meta name='ocr-system' content='tesseract 3.04.00' />
  <meta name='ocr-capabilities' content='ocr_page ocr_carea ocr_par ocr_line ocrx_word'/>
</head>
<body>
  <div class='ocr_page' id='page_1' title='image "./pvirgiliimaroni01virggoog/pvirgiliimaroni01virggoog_0353.png"; bbox 0 0 2744 4696; ppageno 0'>
   <div class='ocr_carea' id='block_1_1' title="bbox 501 329 1241 410">
    <p class='ocr_par' dir='ltr' id='par_1_1' title="bbox 501 329 1241 410">
     <span class='ocr_line' id='line_1_1' title="bbox 501 329 1241 410; baseline -0.001 -11"><span class='ocrx_word' id='word_1_1' title='bbox 501 352 645 403; x_wconf 74' lang='lat' dir='ltr'>vinoso.</span> <span class='ocrx_word' id='word_1_2' title='bbox 688 350 824 399; x_wconf 78' lang='lat' dir='ltr'>suono.</span> <span class='ocrx_word' id='word_1_3' title='bbox 848 349 900 399; x_wconf 77' lang='grc' dir='ltr'>ιν.</span> <span class='ocrx_word' id='word_1_4' title='bbox 1154 329 1241 410; x_wconf 71' lang='lat'>2071</span> 
     </span>
    </p>
   </div>
   <div class='ocr_carea' id='block_1_2' title="bbox 77 491 1296 4227">
    <p class='ocr_par' dir='ltr' id='par_1_2' title="bbox 77 491 1296 4227">
     <span class='ocr_line' id='line_1_2' title="bbox 127 491 1243 562; baseline -0.003 -14"><span class='ocrx_word' id='word_1_5' title='bbox 127 494 214 560; x_wconf 54' lang='grc' dir='ltr'>ποί,</span> <span class='ocrx_word' id='word_1_6' title='bbox 224 492 283 547; x_wconf 85' lang='lat' dir='ltr'>ideo</span> <span class='ocrx_word' id='word_1_7' title='bbox 299 497 370 562; x_wconf 87' lang='lat' dir='ltr'>quod</span> <span class='ocrx_word' id='word_1_8' title='bbox 380 492 472 547; x_wconf 75' lang='lat' dir='ltr'>similia</span> <span class='ocrx_word' id='word_1_9' title='bbox 487 503 547 546; x_wconf 88' lang='lat' dir='ltr'>sunt</span> <span class='ocrx_word' id='word_1_10' title='bbox 562 494 675 559; x_wconf 76' lang='lat' dir='ltr'>hemicy-</span> <span class='ocrx_word' id='word_1_11' title='bbox 711 508 769 543; x_wconf 83' lang='lat' dir='ltr'>curn</span> <span class='ocrx_word' id='word_1_12' title='bbox 792 493 901 553; x_wconf 81' lang='lat' dir='ltr'>alteris,&#39;</span> <span class='ocrx_word' id='word_1_13' title='bbox 917 500 1039 558; x_wconf 73' lang='lat' dir='ltr'>tunquam</span> <span class='ocrx_word' id='word_1_14' title='bbox 1062 509 1121 544; x_wconf 87' lang='lat' dir='ltr'>curn</span> <span class='ocrx_word' id='word_1_15' title='bbox 1144 491 1243 545; x_wconf 82' lang='lat' dir='ltr'>exte&#39;rls</span> 
     </span>
     <span class='ocr_line' id='line_1_3' title="bbox 142 570 1242 638; baseline 0 -16"><span class='ocrx_word' id='word_1_16' title='bbox 142 574 192 622; x_wconf 87' lang='lat' dir='ltr'>olis</span> <span class='ocrx_word' id='word_1_17' title='bbox 202 573 269 635; x_wconf 77' lang='lat' dir='ltr'>cosli,</span> <span class='ocrx_word' id='word_1_18' title='bbox 286 573 378 638; x_wconf 85' lang='lat' dir='ltr'>quibus</span> <span class='ocrx_word' id='word_1_19' title='bbox 394 575 508 637; x_wconf 76' lang='lat' dir='ltr'>cingitur</span> <span class='ocrx_word' id='word_1_20' title='bbox 525 580 605 634; x_wconf 79' lang='lat' dir='ltr'>terra,</span> <span class='ocrx_word' id='word_1_21' title='bbox 616 587 673 637; x_wconf 78' lang='lat' dir='ltr'>qnos</span> <span class='ocrx_word' id='word_1_22' title='bbox 712 570 840 633; x_wconf 86' lang='lat' dir='ltr'>gentibus,</span> <span class='ocrx_word' id='word_1_23' title='bbox 852 570 1020 635; x_wconf 67' lang='lat' dir='ltr'>proeliantur!</span> <span class='ocrx_word' id='word_1_24' title='bbox 1053 571 1160 620; x_wconf 76' lang='lat' dir='ltr'><strong>Invenio</strong></span> <span class='ocrx_word' id='word_1_25' title='bbox 1180 586 1242 636; x_wconf 83' lang='lat' dir='ltr'>qus·</span> 
     </span>
     <span class='ocr_line' id='line_1_4' title="bbox 141 645 1243 712; baseline 0.001 -16"><span class='ocrx_word' id='word_1_26' title='bbox 141 658 184 701; x_wconf 84' lang='lat' dir='ltr'>est</span> <span class='ocrx_word' id='word_1_27' title='bbox 194 658 279 701; x_wconf 78' lang='lat' dir='ltr'>mater</span> <span class='ocrx_word' id='word_1_28' title='bbox 289 652 404 701; x_wconf 83' lang='lat' dir='ltr'>deorum.</span> <span class='ocrx_word' id='word_1_29' title='bbox 439 651 545 700; x_wconf 63' lang='lat' dir='ltr'>Semina.</span> <span class='ocrx_word' id='word_1_30' title='bbox 713 645 781 707; x_wconf 84' lang='lat' dir='ltr'>t&#39;uor,</span> <span class='ocrx_word' id='word_1_31' title='bbox 801 646 911 710; x_wconf 82' lang='lat' dir='ltr'>inopium</span> <span class='ocrx_word' id='word_1_32' title='bbox 930 648 991 710; x_wconf 83' lang='lat' dir='ltr'>cibi,</span> <span class='ocrx_word' id='word_1_33' title='bbox 1010 648 1122 698; x_wconf 90' lang='lat' dir='ltr'>studium</span> <span class='ocrx_word' id='word_1_34' title='bbox 1141 646 1243 712; x_wconf 69' lang='lat' dir='ltr'>floron,</span> 
     </span>
     <span class='ocr_line' id='line_1_5' title="bbox 136 723 1242 802; baseline -0.002 -24"><span class='ocrx_word' id='word_1_35' title='bbox 136 763 141 778; x_wconf 80' lang='grc'><strong><em>.</em></strong></span> <span class='ocrx_word' id='word_1_36' title='bbox 176 730 267 778; x_wconf 76' lang='lat' dir='ltr'>Matris</span> <span class='ocrx_word' id='word_1_37' title='bbox 281 733 350 791; x_wconf 71' lang='lat' dir='ltr'>oronte</span> <span class='ocrx_word' id='word_1_38' title='bbox 366 728 483 790; x_wconf 80' lang='lat' dir='ltr'>symbulo]</span> <span class='ocrx_word' id='word_1_39' title='bbox 510 727 621 802; x_wconf 66' lang='lat' dir='ltr'>Quidspu</span> <span class='ocrx_word' id='word_1_40' title='bbox 639 725 673 775; x_wconf 78' lang='lat' dir='ltr'>sd</span> <span class='ocrx_word' id='word_1_41' title='bbox 711 723 797 771; x_wconf 92' lang='lat' dir='ltr'>odium</span> <span class='ocrx_word' id='word_1_42' title='bbox 807 725 900 788; x_wconf 88' lang='lat' dir='ltr'>gentis,</span> <span class='ocrx_word' id='word_1_43' title='bbox 909 727 1006 787; x_wconf 83' lang='lat' dir='ltr'>Regum</span> <span class='ocrx_word' id='word_1_44' title='bbox 1017 725 1171 789; x_wconf 83' lang='lat' dir='ltr'>snperbiam.</span> <span class='ocrx_word' id='word_1_45' title='bbox 1183 726 1242 776; x_wconf 86' lang='lat' dir='ltr'>Prl·</span> 
     </span>
     <span class='ocr_line' id='line_1_6' title="bbox 141 801 1274 878; baseline -0.001 -24"><span class='ocrx_word' id='word_1_46' title='bbox 141 805 335 867; x_wconf 84' lang='lat' dir='ltr'>Rheaepartnm</span> <span class='ocrx_word' id='word_1_47' title='bbox 347 802 674 866; x_wconf 79' lang='lat' dir='ltr'>referunt‚ldseostoty-</span> <span class='ocrx_word' id='word_1_48' title='bbox 711 802 901 865; x_wconf 78' lang='lat' dir='ltr'>momnttingit</span> <span class='ocrx_word' id='word_1_49' title='bbox 921 801 1029 852; x_wconf 84' lang='lat' dir='ltr'>Aristot.</span> <span class='ocrx_word' id='word_1_50' title='bbox 1052 803 1120 851; x_wconf 87' lang='lat' dir='ltr'>llist.</span> <span class='ocrx_word' id='word_1_51' title='bbox 1141 815 1183 850; x_wconf 80' lang='lat' dir='ltr'>ru.</span> <span class='ocrx_word' id='word_1_52' title='bbox 1198 807 1242 855; x_wconf 80' lang='grc'>46.</span> <span class='ocrx_word' id='word_1_53' title='bbox 1268 868 1274 878; x_wconf 93' lang='lat'><strong>.</strong></span> 
     </span>
     <span class='ocr_line' id='line_1_7' title="bbox 140 875 1243 944; baseline -0.002 -14"><span class='ocrx_word' id='word_1_54' title='bbox 140 882 190 943; x_wconf 92' lang='lat' dir='ltr'>los,</span> <span class='ocrx_word' id='word_1_55' title='bbox 210 888 239 930; x_wconf 90' lang='lat' dir='ltr'>et</span> <span class='ocrx_word' id='word_1_56' title='bbox 261 895 359 943; x_wconf 80' lang='lat' dir='ltr'>sonum,</span> <span class='ocrx_word' id='word_1_57' title='bbox 379 881 423 944; x_wconf 89' lang='lat' dir='ltr'>qoi</span> <span class='ocrx_word' id='word_1_58' title='bbox 447 880 479 930; x_wconf 83' lang='lat' dir='ltr'>od</span> <span class='ocrx_word' id='word_1_59' title='bbox 504 879 673 928; x_wconf 79' lang='lat' dir='ltr'>evertendum</span> <span class='ocrx_word' id='word_1_60' title='bbox 710 876 754 934; x_wconf 76' lang='grc' dir='ltr'>ἤδη</span> <span class='ocrx_word' id='word_1_61' title='bbox 770 875 795 925; x_wconf 75' lang='grc' dir='ltr'>δὲ</span> <span class='ocrx_word' id='word_1_62' title='bbox 812 876 955 935; x_wconf 69' lang='grc' dir='ltr'><strong><em>νοσήσαντος</em></strong></span> <span class='ocrx_word' id='word_1_63' title='bbox 971 895 1034 928; x_wconf 75' lang='grc' dir='ltr'><strong><em>τινος</em></strong></span> <span class='ocrx_word' id='word_1_64' title='bbox 1049 877 1148 938; x_wconf 72' lang='grc' dir='ltr'><strong><em>σμήνους</em></strong></span> <span class='ocrx_word' id='word_1_65' title='bbox 1168 876 1243 937; x_wconf 70' lang='grc' dir='ltr'><strong><em>ἦλθόν</em></strong></span> 
     </span>
     <span class='ocr_line' id='line_1_8' title="bbox 139 953 1243 1020; baseline -0.002 -13"><span class='ocrx_word' id='word_1_66' title='bbox 139 957 215 1009; x_wconf 82' lang='lat' dir='ltr'>Jovis</span> <span class='ocrx_word' id='word_1_67' title='bbox 226 958 350 1020; x_wconf 80' lang='lat' dir='ltr'>vagitum,</span> <span class='ocrx_word' id='word_1_68' title='bbox 365 970 399 1004; x_wconf 92' lang='lat' dir='ltr'>ue</span> <span class='ocrx_word' id='word_1_69' title='bbox 415 957 570 1020; x_wconf 79' lang='lat' dir='ltr'>proderetur</span> <span class='ocrx_word' id='word_1_70' title='bbox 585 955 674 1004; x_wconf 79' lang='lat' dir='ltr'>Sutur-</span> <span class='ocrx_word' id='word_1_71' title='bbox 709 969 771 1001; x_wconf 74' lang='grc' dir='ltr'><strong><em>τινες</em></strong></span> <span class='ocrx_word' id='word_1_72' title='bbox 787 954 823 1000; x_wconf 73' lang='grc' dir='ltr'>ἐπ’</span> <span class='ocrx_word' id='word_1_73' title='bbox 835 953 969 1018; x_wconf 64' lang='grc' dir='ltr'><strong><em>ἀλλότριον,</em></strong></span> <span class='ocrx_word' id='word_1_74' title='bbox 986 953 1025 1003; x_wconf 78' lang='lat' dir='ltr'>rol</span> <span class='ocrx_word' id='word_1_75' title='bbox 1035 953 1167 1016; x_wconf 75' lang='grc' dir='ltr'>μαχόμεναι</span> <span class='ocrx_word' id='word_1_76' title='bbox 1177 957 1243 1006; x_wconf 72' lang='lat' dir='ltr'>nmil-</span> 
     </span>
     <span class='ocr_line' id='line_1_9' title="bbox 139 1029 1240 1098; baseline 0.002 -17"><span class='ocrx_word' id='word_1_77' title='bbox 139 1033 315 1094; x_wconf 80' lang='lat' dir='ltr'>uo,insocris</span> <span class='ocrx_word' id='word_1_78' title='bbox 331 1033 459 1098; x_wconf 84' lang='lat' dir='ltr'>mysteriis</span> <span class='ocrx_word' id='word_1_79' title='bbox 471 1030 673 1096; x_wconf 81' lang='lat' dir='ltr'>repraeseutaba-</span> <span class='ocrx_word' id='word_1_80' title='bbox 709 1045 758 1093; x_wconf 74' lang='lat' dir='ltr'>uas,</span> <span class='ocrx_word' id='word_1_81' title='bbox 768 1029 875 1096; x_wconf 73' lang='grc' dir='ltr'>ἐξέφερον</span> <span class='ocrx_word' id='word_1_82' title='bbox 894 1030 923 1081; x_wconf 78' lang='lat' dir='ltr'>rl</span> <span class='ocrx_word' id='word_1_83' title='bbox 943 1031 1007 1091; x_wconf 71' lang='lat' dir='ltr'>plns.</span> <span class='ocrx_word' id='word_1_84' title='bbox 1034 1033 1133 1082; x_wconf 89' lang='lat' dir='ltr'>Pliulns</span> <span class='ocrx_word' id='word_1_85' title='bbox 1153 1048 1177 1082; x_wconf 88' lang='lat' dir='ltr'>r.</span> <span class='ocrx_word' id='word_1_86' title='bbox 1199 1036 1240 1083; x_wconf 76' lang='lat' dir='ltr'>ll.</span> 
     </span>
     <span class='ocr_line' id='line_1_10' title="bbox 138 1106 1242 1174; baseline -0.001 -16"><span class='ocrx_word' id='word_1_87' title='bbox 138 1115 192 1158; x_wconf 88' lang='lat' dir='ltr'>tur.</span> <span class='ocrx_word' id='word_1_88' title='bbox 225 1110 352 1173; x_wconf 77' lang='lat' dir='ltr'>Cymbala</span> <span class='ocrx_word' id='word_1_89' title='bbox 367 1113 612 1170; x_wconf 85' lang='lat' dir='ltr'>vero‚nontunturu</span> <span class='ocrx_word' id='word_1_90' title='bbox 623 1108 673 1170; x_wconf 85' lang='lat' dir='ltr'>Cy·</span> <span class='ocrx_word' id='word_1_91' title='bbox 708 1106 803 1157; x_wconf 84' lang='lat' dir='ltr'>‘Quod</span> <span class='ocrx_word' id='word_1_92' title='bbox 813 1107 833 1156; x_wconf 91' lang='lat' dir='ltr'>si</span> <span class='ocrx_word' id='word_1_93' title='bbox 846 1107 959 1158; x_wconf 84' lang='lat' dir='ltr'>defuerit</span> <span class='ocrx_word' id='word_1_94' title='bbox 968 1107 1075 1171; x_wconf 79' lang='lat' dir='ltr'>alicujus</span> <span class='ocrx_word' id='word_1_95' title='bbox 1083 1109 1150 1157; x_wconf 80' lang='lat' dir='ltr'>alvei</span> <span class='ocrx_word' id='word_1_96' title='bbox 1158 1109 1242 1174; x_wconf 87' lang='lat' dir='ltr'>cibus,</span> 
     </span>
     <span class='ocr_line' id='line_1_11' title="bbox 135 1180 1241 1249; baseline -0.001 -13"><span class='ocrx_word' id='word_1_97' title='bbox 135 1184 213 1236; x_wconf 81' lang='lat' dir='ltr'>beles</span> <span class='ocrx_word' id='word_1_98' title='bbox 232 1188 312 1236; x_wconf 83' lang='lat' dir='ltr'>snoris</span> <span class='ocrx_word' id='word_1_99' title='bbox 331 1192 358 1235; x_wconf 89' lang='lat' dir='ltr'>et</span> <span class='ocrx_word' id='word_1_100' title='bbox 376 1186 460 1248; x_wconf 84' lang='lat' dir='ltr'>Isidis,</span> <span class='ocrx_word' id='word_1_101' title='bbox 477 1192 507 1235; x_wconf 89' lang='lat' dir='ltr'>ut</span> <span class='ocrx_word' id='word_1_102' title='bbox 526 1184 673 1248; x_wconf 77' lang='lat' dir='ltr'><strong>Hesychius</strong></span> <span class='ocrx_word' id='word_1_103' title='bbox 709 1180 833 1244; x_wconf 87' lang='lat' dir='ltr'>impetum</span> <span class='ocrx_word' id='word_1_104' title='bbox 844 1183 870 1230; x_wconf 91' lang='lat' dir='ltr'>in</span> <span class='ocrx_word' id='word_1_105' title='bbox 881 1184 1009 1247; x_wconf 86' lang='lat' dir='ltr'>proximos</span> <span class='ocrx_word' id='word_1_106' title='bbox 1025 1181 1133 1246; x_wconf 83' lang='lat' dir='ltr'>faciunt,</span> <span class='ocrx_word' id='word_1_107' title='bbox 1144 1184 1241 1249; x_wconf 75' lang='lat' dir='ltr'>tapinos</span> 
     </span>
     <span class='ocr_line' id='line_1_12' title="bbox 134 1257 1242 1325; baseline 0.003 -15"><span class='ocrx_word' id='word_1_108' title='bbox 134 1261 312 1323; x_wconf 83' lang='lat' dir='ltr'>demonstrat,</span> <span class='ocrx_word' id='word_1_109' title='bbox 326 1262 372 1311; x_wconf 88' lang='lat' dir='ltr'>sed</span> <span class='ocrx_word' id='word_1_110' title='bbox 382 1272 410 1312; x_wconf 92' lang='lat' dir='ltr'>et</span> <span class='ocrx_word' id='word_1_111' title='bbox 420 1261 520 1312; x_wconf 79' lang='lat' dir='ltr'>Bocchi</span> <span class='ocrx_word' id='word_1_112' title='bbox 535 1261 612 1325; x_wconf 88' lang='lat' dir='ltr'>orgiis</span> <span class='ocrx_word' id='word_1_113' title='bbox 629 1260 673 1309; x_wconf 78' lang='lat' dir='ltr'>sd·</span> <span class='ocrx_word' id='word_1_114' title='bbox 708 1257 859 1320; x_wconf 70' lang='lat' dir='ltr'>proposito!</span> <span class='ocrx_word' id='word_1_115' title='bbox 890 1257 993 1308; x_wconf 84' lang='lat' dir='ltr'>Alludlt</span> <span class='ocrx_word' id='word_1_116' title='bbox 1023 1260 1111 1309; x_wconf 80' lang='lat' dir='ltr'>Culnb.</span> <span class='ocrx_word' id='word_1_117' title='bbox 1135 1259 1181 1309; x_wconf 88' lang='lat' dir='ltr'>lib.</span> <span class='ocrx_word' id='word_1_118' title='bbox 1200 1273 1242 1313; x_wconf 73' lang='grc' dir='ltr'>ιι.</span> 
     </span>
     <span class='ocr_line' id='line_1_13' title="bbox 138 1333 1240 1402; baseline 0.001 -17"><span class='ocrx_word' id='word_1_119' title='bbox 138 1336 305 1388; x_wconf 78' lang='lat' dir='ltr'>bibebamus.</span> <span class='ocrx_word' id='word_1_120' title='bbox 338 1339 415 1388; x_wconf 89' lang='lat' dir='ltr'>Unde</span> <span class='ocrx_word' id='word_1_121' title='bbox 433 1339 554 1402; x_wconf 86' lang='lat' dir='ltr'>Propert.</span> <span class='ocrx_word' id='word_1_122' title='bbox 573 1336 618 1386; x_wconf 90' lang='lat' dir='ltr'>lib.</span> <span class='ocrx_word' id='word_1_123' title='bbox 629 1349 672 1385; x_wconf 85' lang='lat' dir='ltr'>us.</span> <span class='ocrx_word' id='word_1_124' title='bbox 709 1333 809 1397; x_wconf 86' lang='lat' dir='ltr'>ubisit,</span> <span class='ocrx_word' id='word_1_125' title='bbox 820 1349 912 1398; x_wconf 77' lang='lat' dir='ltr'>vespas</span> <span class='ocrx_word' id='word_1_126' title='bbox 930 1349 1044 1398; x_wconf 81' lang='lat' dir='ltr'>pugnare</span> <span class='ocrx_word' id='word_1_127' title='bbox 1064 1343 1155 1384; x_wconf 84' lang='lat' dir='ltr'>contro</span> <span class='ocrx_word' id='word_1_128' title='bbox 1177 1349 1240 1400; x_wconf 85' lang='lat' dir='ltr'>apes</span> 
     </span>
     <span class='ocr_line' id='line_1_14' title="bbox 134 1407 1252 1482; baseline 0.007 -20"><span class='ocrx_word' id='word_1_129' title='bbox 134 1413 407 1477; x_wconf 79' lang='lat' dir='ltr'>‘cymbnls&#39;l&#39;lrebuuo</span> <span class='ocrx_word' id='word_1_130' title='bbox 414 1428 591 1479; x_wconf 79' lang='lat' dir='ltr'>concrepuere</span> <span class='ocrx_word' id='word_1_131' title='bbox 598 1415 673 1468; x_wconf 67' lang='lat' dir='ltr'>Deo!</span> <span class='ocrx_word' id='word_1_132' title='bbox 709 1407 761 1472; x_wconf 64' lang='lat' dir='ltr'>“sl</span> <span class='ocrx_word' id='word_1_133' title='bbox 772 1412 925 1474; x_wconf 66' lang='lat' dir='ltr'>mdvbtiw</span> <span class='ocrx_word' id='word_1_134' title='bbox 933 1408 1091 1472; x_wconf 55' lang='lat' dir='ltr'>&amp;imoimo</span> <span class='ocrx_word' id='word_1_135' title='bbox 1102 1412 1170 1475; x_wconf 72' lang='lat' dir='ltr'>quod</span> <span class='ocrx_word' id='word_1_136' title='bbox 1183 1412 1252 1482; x_wconf 58' lang='lat' dir='ltr'>illst¹</span> 
     </span>
     <span class='ocr_line' id='line_1_15' title="bbox 133 1485 1240 1540; baseline -0.001 -1"><span class='ocrx_word' id='word_1_137' title='bbox 133 1490 282 1540; x_wconf 72' lang='lat' dir='ltr'>Gonmmn.</span> <span class='ocrx_word' id='word_1_138' title='bbox 708 1485 734 1534; x_wconf 87' lang='lat' dir='ltr'>in</span> <span class='ocrx_word' id='word_1_139' title='bbox 762 1501 823 1537; x_wconf 79' lang='lat' dir='ltr'>uvas</span> <span class='ocrx_word' id='word_1_140' title='bbox 851 1486 976 1538; x_wconf 80' lang='lat' dir='ltr'>ferantur.</span> <span class='ocrx_word' id='word_1_141' title='bbox 1028 1490 1143 1537; x_wconf 74' lang='lat' dir='ltr'>Alterum</span> <span class='ocrx_word' id='word_1_142' title='bbox 1170 1489 1240 1538; x_wconf 87' lang='lat' dir='ltr'>Plio.</span> 
     </span>
     <span class='ocr_line' id='line_1_16' title="bbox 135 1562 1241 1633; baseline 0 -17"><span class='ocrx_word' id='word_1_143' title='bbox 135 1600 140 1610; x_wconf 85' lang='lat'>-</span> <span class='ocrx_word' id='word_1_144' title='bbox 173 1566 299 1630; x_wconf 66' lang='lat' dir='ltr'>commu]</span> <span class='ocrx_word' id='word_1_145' title='bbox 334 1568 455 1618; x_wconf 61' lang='lat' dir='ltr'>mnino</span> <span class='ocrx_word' id='word_1_146' title='bbox 470 1568 576 1633; x_wconf 89' lang='lat' dir='ltr'>proprie</span> <span class='ocrx_word' id='word_1_147' title='bbox 592 1568 671 1618; x_wconf 92' lang='lat' dir='ltr'>edere</span> <span class='ocrx_word' id='word_1_148' title='bbox 707 1562 841 1613; x_wconf 78' lang='lat' dir='ltr'>‘Maxime</span> <span class='ocrx_word' id='word_1_149' title='bbox 854 1565 909 1613; x_wconf 77' lang='lat' dir='ltr'>rixo</span> <span class='ocrx_word' id='word_1_150' title='bbox 918 1565 943 1613; x_wconf 90' lang='lat' dir='ltr'>in</span> <span class='ocrx_word' id='word_1_151' title='bbox 953 1564 1125 1614; x_wconf 79' lang='lat' dir='ltr'>convehendis</span> <span class='ocrx_word' id='word_1_152' title='bbox 1135 1563 1241 1616; x_wconf 84' lang='lat' dir='ltr'>floribus</span> 
     </span>
     <span class='ocr_line' id='line_1_17' title="bbox 132 1639 1242 1706; baseline 0.002 -18"><span class='ocrx_word' id='word_1_153' title='bbox 132 1643 272 1704; x_wconf 73' lang='lat' dir='ltr'>dicontur,</span> <span class='ocrx_word' id='word_1_154' title='bbox 290 1645 348 1694; x_wconf 79' lang='lat' dir='ltr'>hine</span> <span class='ocrx_word' id='word_1_155' title='bbox 370 1647 444 1695; x_wconf 68' lang='lat' dir='ltr'>Paul,</span> <span class='ocrx_word' id='word_1_156' title='bbox 465 1660 475 1694; x_wconf 86' lang='lat'>1</span> <span class='ocrx_word' id='word_1_157' title='bbox 497 1646 530 1694; x_wconf 62' lang='lat' dir='ltr'>sd</span> <span class='ocrx_word' id='word_1_158' title='bbox 553 1645 670 1696; x_wconf 66' lang='lat' dir='ltr'>corinth,</span> <span class='ocrx_word' id='word_1_159' title='bbox 707 1639 1242 1706; x_wconf 57' lang='lat' dir='ltr'>exortmetsuisquibusqneevorontibus!</span> 
     </span>
     <span class='ocr_line' id='line_1_18' title="bbox 77 1710 1242 1785; baseline 0.002 -21"><span class='ocrx_word' id='word_1_160' title='bbox 77 1710 78 1713; x_wconf 63' lang='grc'>’</span> <span class='ocrx_word' id='word_1_161' title='bbox 132 1718 671 1785; x_wconf 48' lang='lat' dir='ltr'>uniusmomxmmmnndum„</span> <span class='ocrx_word' id='word_1_162' title='bbox 706 1715 818 1765; x_wconf 84' lang='lat' dir='ltr'>Tertiam</span> <span class='ocrx_word' id='word_1_163' title='bbox 828 1715 911 1767; x_wconf 84' lang='lat' dir='ltr'>Arist.</span> <span class='ocrx_word' id='word_1_164' title='bbox 922 1718 1051 1778; x_wconf 68' lang='grc' dir='ltr'><strong><em>πολεμοῦσι</em></strong></span> <span class='ocrx_word' id='word_1_165' title='bbox 1068 1715 1094 1764; x_wconf 76' lang='lat' dir='ltr'>dl</span> <span class='ocrx_word' id='word_1_166' title='bbox 1110 1716 1201 1781; x_wconf 77' lang='grc' dir='ltr'><strong><em>σφόδρα</em></strong></span> <span class='ocrx_word' id='word_1_167' title='bbox 1216 1714 1242 1766; x_wconf 82' lang='lat' dir='ltr'>ol</span> 
     </span>
     <span class='ocr_line' id='line_1_19' title="bbox 136 1791 1240 1861; baseline -0.005 -13"><span class='ocrx_word' id='word_1_168' title='bbox 136 1793 270 1858; x_wconf 67' lang='grc' dir='ltr'>ἆλᾶλαζον.</span> <span class='ocrx_word' id='word_1_169' title='bbox 310 1799 408 1848; x_wconf 80' lang='lat' dir='ltr'>Horum</span> <span class='ocrx_word' id='word_1_170' title='bbox 426 1814 500 1848; x_wconf 87' lang='lat' dir='ltr'>usum</span> <span class='ocrx_word' id='word_1_171' title='bbox 517 1807 545 1848; x_wconf 79' lang='lat' dir='ltr'>et</span> <span class='ocrx_word' id='word_1_172' title='bbox 563 1798 670 1861; x_wconf 71' lang='lat' dir='ltr'>figuram</span> <span class='ocrx_word' id='word_1_173' title='bbox 705 1791 785 1855; x_wconf 64' lang='lat' dir='ltr'>popul</span> <span class='ocrx_word' id='word_1_174' title='bbox 798 1795 832 1853; x_wconf 70' lang='grc' dir='ltr'>τῷ</span> <span class='ocrx_word' id='word_1_175' title='bbox 848 1791 956 1855; x_wconf 60' lang='lat' dir='ltr'>&#39;tiranni</span> <span class='ocrx_word' id='word_1_176' title='bbox 966 1794 1104 1857; x_wconf 74' lang='grc' dir='ltr'>μακρῷ,καὶ</span> <span class='ocrx_word' id='word_1_177' title='bbox 1117 1797 1240 1858; x_wconf 68' lang='grc' dir='ltr'><strong><em>πειρῶνται</em></strong></span> 
     </span>
     <span class='ocr_line' id='line_1_20' title="bbox 98 1865 1240 1937; baseline 0.007 -17"><span class='ocrx_word' id='word_1_178' title='bbox 98 1925 102 1932; x_wconf 59' lang='grc'><strong>,</strong></span> <span class='ocrx_word' id='word_1_179' title='bbox 138 1872 221 1923; x_wconf 79' lang='lat' dir='ltr'>trudit</span> <span class='ocrx_word' id='word_1_180' title='bbox 233 1874 370 1936; x_wconf 84' lang='lat' dir='ltr'>Pignorius</span> <span class='ocrx_word' id='word_1_181' title='bbox 387 1875 421 1924; x_wconf 84' lang='lat' dir='ltr'>de</span> <span class='ocrx_word' id='word_1_182' title='bbox 439 1889 506 1924; x_wconf 86' lang='lat' dir='ltr'>serv.</span> <span class='ocrx_word' id='word_1_183' title='bbox 526 1889 552 1937; x_wconf 85' lang='lat' dir='ltr'>p.</span> <span class='ocrx_word' id='word_1_184' title='bbox 565 1878 606 1923; x_wconf 78' lang='grc'>86.</span> <span class='ocrx_word' id='word_1_185' title='bbox 623 1873 670 1923; x_wconf 88' lang='lat' dir='ltr'>sed</span> <span class='ocrx_word' id='word_1_186' title='bbox 706 1865 871 1923; x_wconf 62' lang='lat' dir='ltr'>lnfflddtsrlt</span> <span class='ocrx_word' id='word_1_187' title='bbox 887 1872 935 1918; x_wconf 68' lang='grc' dir='ltr'>τῶν</span> <span class='ocrx_word' id='word_1_188' title='bbox 952 1873 1052 1930; x_wconf 65' lang='grc' dir='ltr'><strong><em>σμηνῶν·</em></strong></span> <span class='ocrx_word' id='word_1_189' title='bbox 1071 1871 1138 1919; x_wconf 77' lang='lat' dir='ltr'>Plln·</span> <span class='ocrx_word' id='word_1_190' title='bbox 1155 1886 1179 1920; x_wconf 77' lang='lat'>⁰·</span> <span class='ocrx_word' id='word_1_191' title='bbox 1198 1874 1240 1920; x_wconf 78' lang='lat'>16·</span> 
     </span>
     <span class='ocr_line' id='line_1_21' title="bbox 136 1944 1239 2015; baseline 0.002 -19"><span class='ocrx_word' id='word_1_192' title='bbox 136 1944 215 1996; x_wconf 86' lang='lat' dir='ltr'>nemo</span> <span class='ocrx_word' id='word_1_193' title='bbox 236 1949 360 1999; x_wconf 82' lang='lat' dir='ltr'>eruditius</span> <span class='ocrx_word' id='word_1_194' title='bbox 381 1964 455 2015; x_wconf 78' lang='lat' dir='ltr'>quum</span> <span class='ocrx_word' id='word_1_195' title='bbox 476 1949 613 1999; x_wconf 81' lang='lat' dir='ltr'>Gonsulins</span> <span class='ocrx_word' id='word_1_196' title='bbox 636 1948 669 1998; x_wconf 90' lang='lat' dir='ltr'>de</span> <span class='ocrx_word' id='word_1_197' title='bbox 705 1944 713 1972; x_wconf 88' lang='lat'>‘</span> <span class='ocrx_word' id='word_1_198' title='bbox 737 1946 885 1995; x_wconf 79' lang='lat' dir='ltr'>Nascuntur</span> <span class='ocrx_word' id='word_1_199' title='bbox 908 1946 1044 2010; x_wconf 78' lang='lat' dir='ltr'>aliquando</span> <span class='ocrx_word' id='word_1_200' title='bbox 1067 1946 1094 1994; x_wconf 89' lang='lat' dir='ltr'>iu</span> <span class='ocrx_word' id='word_1_201' title='bbox 1116 1947 1239 1999; x_wconf 85' lang='lat' dir='ltr'>extremit</span> 
     </span>
     <span class='ocr_line' id='line_1_22' title="bbox 135 2017 1240 2089; baseline 0.005 -21"><span class='ocrx_word' id='word_1_202' title='bbox 135 2024 209 2073; x_wconf 78' lang='lat' dir='ltr'>Salas</span> <span class='ocrx_word' id='word_1_203' title='bbox 219 2024 252 2073; x_wconf 86' lang='lat' dir='ltr'>ad</span> <span class='ocrx_word' id='word_1_204' title='bbox 265 2026 373 2076; x_wconf 62' lang='lat' dir='ltr'>Patron,</span> <span class='ocrx_word' id='word_1_205' title='bbox 383 2041 410 2089; x_wconf 78' lang='lat' dir='ltr'>p,</span> <span class='ocrx_word' id='word_1_206' title='bbox 419 2030 460 2075; x_wconf 75' lang='grc'>74,</span> <span class='ocrx_word' id='word_1_207' title='bbox 494 2027 637 2074; x_wconf 59' lang='lat' dir='ltr'>Emonam,</span> <span class='ocrx_word' id='word_1_208' title='bbox 705 2017 769 2068; x_wconf 82' lang='lat' dir='ltr'>favis</span> <span class='ocrx_word' id='word_1_209' title='bbox 779 2035 841 2083; x_wconf 87' lang='lat' dir='ltr'>opes</span> <span class='ocrx_word' id='word_1_210' title='bbox 851 2021 1008 2086; x_wconf 76' lang='lat' dir='ltr'>grandiores,</span> <span class='ocrx_word' id='word_1_211' title='bbox 1017 2038 1074 2087; x_wconf 75' lang='lat' dir='ltr'>quae</span> <span class='ocrx_word' id='word_1_212' title='bbox 1087 2030 1189 2072; x_wconf 83' lang='lat' dir='ltr'>ceteros</span> <span class='ocrx_word' id='word_1_213' title='bbox 1200 2021 1240 2074; x_wconf 83' lang='lat' dir='ltr'>fu-</span> 
     </span>
     <span class='ocr_line' id='line_1_23' title="bbox 132 2095 1239 2164; baseline -0.001 -14"><span class='ocrx_word' id='word_1_214' title='bbox 132 2122 139 2130; x_wconf 94' lang='lat'>·</span> <span class='ocrx_word' id='word_1_215' title='bbox 170 2105 202 2150; x_wconf 77' lang='grc'>65</span> <span class='ocrx_word' id='word_1_216' title='bbox 219 2102 409 2164; x_wconf 76' lang='lat' dir='ltr'>Ipsceoonsidont</span> <span class='ocrx_word' id='word_1_217' title='bbox 425 2102 548 2151; x_wconf 71' lang='lat' dir='ltr'>nuditatis</span> <span class='ocrx_word' id='word_1_218' title='bbox 563 2100 670 2164; x_wconf 75' lang='lat' dir='ltr'>sedibus]</span> <span class='ocrx_word' id='word_1_219' title='bbox 706 2095 786 2159; x_wconf 68' lang='lat' dir='ltr'>gant?</span> <span class='ocrx_word' id='word_1_220' title='bbox 802 2097 929 2148; x_wconf 82' lang='lat' dir='ltr'>Quartum</span> <span class='ocrx_word' id='word_1_221' title='bbox 947 2098 1046 2149; x_wconf 89' lang='lat' dir='ltr'>Colum.</span> <span class='ocrx_word' id='word_1_222' title='bbox 1078 2098 1162 2149; x_wconf 83' lang='lat' dir='ltr'>‘Sunt</span> <span class='ocrx_word' id='word_1_223' title='bbox 1171 2099 1239 2149; x_wconf 89' lang='lat' dir='ltr'>enlm</span> 
     </span>
     <span class='ocr_line' id='line_1_24' title="bbox 136 2172 1240 2241; baseline 0.002 -17"><span class='ocrx_word' id='word_1_224' title='bbox 136 2176 214 2225; x_wconf 84' lang='lat' dir='ltr'>Vsrr.</span> <span class='ocrx_word' id='word_1_225' title='bbox 231 2177 380 2228; x_wconf 83' lang='lat' dir='ltr'>‘Quocirca</span> <span class='ocrx_word' id='word_1_226' title='bbox 390 2192 508 2238; x_wconf 77' lang='lat' dir='ltr'>examen,</span> <span class='ocrx_word' id='word_1_227' title='bbox 524 2178 568 2227; x_wconf 90' lang='lat' dir='ltr'>nbi</span> <span class='ocrx_word' id='word_1_228' title='bbox 579 2178 670 2227; x_wconf 83' lang='lat' dir='ltr'>volunt</span> <span class='ocrx_word' id='word_1_229' title='bbox 706 2172 793 2236; x_wconf 88' lang='lat' dir='ltr'>plures</span> <span class='ocrx_word' id='word_1_230' title='bbox 813 2174 885 2223; x_wconf 87' lang='lat' dir='ltr'>unios</span> <span class='ocrx_word' id='word_1_231' title='bbox 906 2175 995 2239; x_wconf 94' lang='lat' dir='ltr'>populi</span> <span class='ocrx_word' id='word_1_232' title='bbox 1015 2174 1104 2238; x_wconf 89' lang='lat' dir='ltr'>duces,</span> <span class='ocrx_word' id='word_1_233' title='bbox 1123 2183 1150 2224; x_wconf 92' lang='lat' dir='ltr'>et</span> <span class='ocrx_word' id='word_1_234' title='bbox 1166 2175 1240 2241; x_wconf 80' lang='lat' dir='ltr'>quusi</span> 
     </span>
     <span class='ocr_line' id='line_1_25' title="bbox 133 2251 1241 2316; baseline 0.001 -16"><span class='ocrx_word' id='word_1_235' title='bbox 133 2251 347 2314; x_wconf 85' lang='lat' dir='ltr'>oonsidere,enm</span> <span class='ocrx_word' id='word_1_236' title='bbox 360 2253 668 2316; x_wconf 81' lang='lat' dir='ltr'>romum,oliumvequsm</span> <span class='ocrx_word' id='word_1_237' title='bbox 706 2263 843 2313; x_wconf 86' lang='lat' dir='ltr'>procerum</span> <span class='ocrx_word' id='word_1_238' title='bbox 865 2251 990 2301; x_wconf 83' lang='lat' dir='ltr'>seditione</span> <span class='ocrx_word' id='word_1_239' title='bbox 1012 2253 1084 2315; x_wconf 79' lang='lat' dir='ltr'>plebs</span> <span class='ocrx_word' id='word_1_240' title='bbox 1104 2253 1131 2301; x_wconf 90' lang='lat' dir='ltr'>in</span> <span class='ocrx_word' id='word_1_241' title='bbox 1151 2259 1241 2316; x_wconf 82' lang='lat' dir='ltr'>partes</span> 
     </span>
     <span class='ocr_line' id='line_1_26' title="bbox 131 2324 1240 2393; baseline 0.002 -17"><span class='ocrx_word' id='word_1_242' title='bbox 131 2341 193 2376; x_wconf 62' lang='lat' dir='ltr'>nrem</span> <span class='ocrx_word' id='word_1_243' title='bbox 204 2328 321 2377; x_wconf 78' lang='lat' dir='ltr'>oblinunt</span> <span class='ocrx_word' id='word_1_244' title='bbox 338 2330 397 2391; x_wconf 84' lang='lat' dir='ltr'>hoo,</span> <span class='ocrx_word' id='word_1_245' title='bbox 413 2328 521 2378; x_wconf 86' lang='lat' dir='ltr'>admisto</span> <span class='ocrx_word' id='word_1_246' title='bbox 538 2327 670 2390; x_wconf 69' lang='lat' dir='ltr'>apiastro!</span> <span class='ocrx_word' id='word_1_247' title='bbox 706 2324 861 2378; x_wconf 72' lang='lat' dir='ltr'>deducitur:</span> <span class='ocrx_word' id='word_1_248' title='bbox 895 2327 970 2377; x_wconf 80' lang='lat' dir='ltr'>Hono</span> <span class='ocrx_word' id='word_1_249' title='bbox 992 2329 1095 2378; x_wconf 88' lang='lat' dir='ltr'>videtur</span> <span class='ocrx_word' id='word_1_250' title='bbox 1117 2328 1240 2393; x_wconf 70' lang='lat' dir='ltr'>Virgilius</span> 
     </span>
     <span class='ocr_line' id='line_1_27' title="bbox 131 2401 1240 2467; baseline 0.003 -16"><span class='ocrx_word' id='word_1_251' title='bbox 131 2401 227 2452; x_wconf 71' lang='lat' dir='ltr'>soem:</span> <span class='ocrx_word' id='word_1_252' title='bbox 244 2404 252 2430; x_wconf 83' lang='lat'>‘</span> <span class='ocrx_word' id='word_1_253' title='bbox 264 2404 410 2463; x_wconf 83' lang='lat' dir='ltr'>considunt,</span> <span class='ocrx_word' id='word_1_254' title='bbox 430 2403 455 2451; x_wconf 92' lang='lat' dir='ltr'>in</span> <span class='ocrx_word' id='word_1_255' title='bbox 474 2418 524 2467; x_wconf 90' lang='lat' dir='ltr'>qno</span> <span class='ocrx_word' id='word_1_256' title='bbox 542 2408 583 2451; x_wconf 90' lang='lat' dir='ltr'>est</span> <span class='ocrx_word' id='word_1_257' title='bbox 593 2415 670 2465; x_wconf 86' lang='lat' dir='ltr'>sopor</span> <span class='ocrx_word' id='word_1_258' title='bbox 706 2401 872 2465; x_wconf 81' lang='lat' dir='ltr'>intellexisse,</span> <span class='ocrx_word' id='word_1_259' title='bbox 881 2418 940 2452; x_wconf 85' lang='lat' dir='ltr'>cnm</span> <span class='ocrx_word' id='word_1_260' title='bbox 951 2404 997 2465; x_wconf 88' lang='lat' dir='ltr'>alt,</span> <span class='ocrx_word' id='word_1_261' title='bbox 1012 2404 1145 2467; x_wconf 79' lang='lat' dir='ltr'>‘Regibus</span> <span class='ocrx_word' id='word_1_262' title='bbox 1157 2406 1240 2454; x_wconf 88' lang='lat' dir='ltr'>inces-</span> 
     </span>
     <span class='ocr_line' id='line_1_28' title="bbox 133 2476 1239 2543; baseline 0.002 -16"><span class='ocrx_word' id='word_1_263' title='bbox 133 2478 236 2528; x_wconf 69' lang='lat' dir='ltr'>dnlnis?</span> <span class='ocrx_word' id='word_1_264' title='bbox 271 2481 356 2529; x_wconf 72' lang='lat' dir='ltr'>Cerdo</span> <span class='ocrx_word' id='word_1_265' title='bbox 583 2527 585 2532; x_wconf 80' lang='grc'><strong>,</strong></span> <span class='ocrx_word' id='word_1_266' title='bbox 706 2477 741 2526; x_wconf 89' lang='lat' dir='ltr'>sit</span> <span class='ocrx_word' id='word_1_267' title='bbox 751 2476 897 2528; x_wconf 67' lang='lat' dir='ltr'>discordia:</span> <span class='ocrx_word' id='word_1_268' title='bbox 931 2480 974 2528; x_wconf 88' lang='lat' dir='ltr'>De</span> <span class='ocrx_word' id='word_1_269' title='bbox 991 2479 1082 2543; x_wconf 83' lang='lat' dir='ltr'>opibus</span> <span class='ocrx_word' id='word_1_270' title='bbox 1100 2480 1165 2530; x_wconf 84' lang='lat' dir='ltr'>dixit</span> <span class='ocrx_word' id='word_1_271' title='bbox 1175 2481 1239 2530; x_wconf 81' lang='lat' dir='ltr'>&#39;l&#39;ne-</span> 
     </span>
     <span class='ocr_line' id='line_1_29' title="bbox 129 2554 1238 2622; baseline 0.001 -18"><span class='ocrx_word' id='word_1_272' title='bbox 129 2581 146 2596; x_wconf 80' lang='lat'>··</span> <span class='ocrx_word' id='word_1_273' title='bbox 167 2559 201 2605; x_wconf 93' lang='grc'>66</span> <span class='ocrx_word' id='word_1_274' title='bbox 212 2557 313 2622; x_wconf 78' lang='lat' dir='ltr'>intimo]</span> <span class='ocrx_word' id='word_1_275' title='bbox 330 2555 420 2607; x_wconf 84' lang='lat' dir='ltr'>Itulrio</span> <span class='ocrx_word' id='word_1_276' title='bbox 430 2556 514 2605; x_wconf 81' lang='lat' dir='ltr'>intimo</span> <span class='ocrx_word' id='word_1_277' title='bbox 522 2555 669 2619; x_wconf 74' lang='lat' dir='ltr'>inmunditia,</span> <span class='ocrx_word' id='word_1_278' title='bbox 706 2554 777 2604; x_wconf 89' lang='lat' dir='ltr'>odor.</span> <span class='ocrx_word' id='word_1_279' title='bbox 811 2555 970 2605; x_wconf 84' lang='lat' dir='ltr'>‘Confusam</span> <span class='ocrx_word' id='word_1_280' title='bbox 990 2557 1057 2605; x_wconf 85' lang='lat' dir='ltr'>inter</span> <span class='ocrx_word' id='word_1_281' title='bbox 1079 2557 1177 2605; x_wconf 90' lang='lat' dir='ltr'>multos</span> <span class='ocrx_word' id='word_1_282' title='bbox 1192 2571 1238 2621; x_wconf 91' lang='lat' dir='ltr'>po·</span> 
     </span>
     <span class='ocr_line' id='line_1_30' title="bbox 134 2630 1237 2696; baseline 0.002 -16"><span class='ocrx_word' id='word_1_283' title='bbox 134 2630 518 2696; x_wconf 65' lang='lat' dir='ltr'>utsuprmpenitnsqnereperto.</span> <span class='ocrx_word' id='word_1_284' title='bbox 552 2631 635 2683; x_wconf 86' lang='lat' dir='ltr'>Idem.</span> <span class='ocrx_word' id='word_1_285' title='bbox 707 2637 828 2681; x_wconf 82' lang='lat' dir='ltr'>testatem</span> <span class='ocrx_word' id='word_1_286' title='bbox 850 2639 878 2681; x_wconf 84' lang='lat' dir='ltr'>ot</span> <span class='ocrx_word' id='word_1_287' title='bbox 898 2632 1091 2682; x_wconf 85' lang='lat' dir='ltr'>Demoerotiam</span> <span class='ocrx_word' id='word_1_288' title='bbox 1114 2632 1173 2681; x_wconf 93' lang='lat' dir='ltr'>odio</span> <span class='ocrx_word' id='word_1_289' title='bbox 1193 2633 1237 2682; x_wconf 81' lang='lat' dir='ltr'>lis·</span> 
     </span>
     <span class='ocr_line' id='line_1_31' title="bbox 129 2706 1236 2773; baseline 0.008 -20"><span class='ocrx_word' id='word_1_290' title='bbox 129 2717 137 2743; x_wconf 76' lang='lat'><em>2</em></span> <span class='ocrx_word' id='word_1_291' title='bbox 168 2706 239 2754; x_wconf 83' lang='lat' dir='ltr'>More</span> <span class='ocrx_word' id='word_1_292' title='bbox 253 2707 306 2770; x_wconf 84' lang='lat' dir='ltr'>suo]</span> <span class='ocrx_word' id='word_1_293' title='bbox 341 2709 460 2757; x_wconf 77' lang='lat' dir='ltr'>Naturali</span> <span class='ocrx_word' id='word_1_294' title='bbox 472 2708 580 2771; x_wconf 84' lang='lat' dir='ltr'>ratione,</span> <span class='ocrx_word' id='word_1_295' title='bbox 596 2709 669 2772; x_wconf 84' lang='lat' dir='ltr'>eujus</span> <span class='ocrx_word' id='word_1_296' title='bbox 707 2709 787 2758; x_wconf 88' lang='lat' dir='ltr'>bent:</span> <span class='ocrx_word' id='word_1_297' title='bbox 805 2725 882 2758; x_wconf 92' lang='lat' dir='ltr'>unum</span> <span class='ocrx_word' id='word_1_298' title='bbox 901 2709 994 2759; x_wconf 88' lang='lat' dir='ltr'>ducem</span> <span class='ocrx_word' id='word_1_299' title='bbox 1013 2711 1161 2773; x_wconf 82' lang='lat' dir='ltr'>observant,</span> <span class='ocrx_word' id='word_1_300' title='bbox 1176 2711 1236 2762; x_wconf 84' lang='lat' dir='ltr'>huie</span> 
     </span>
     <span class='ocr_line' id='line_1_32' title="bbox 128 2783 1238 2849; baseline 0.005 -18"><span class='ocrx_word' id='word_1_301' title='bbox 128 2783 408 2832; x_wconf 74' lang='lat' dir='ltr'>aeuusononredditur.</span> <span class='ocrx_word' id='word_1_302' title='bbox 443 2784 507 2834; x_wconf 84' lang='lat' dir='ltr'>Quis</span> <span class='ocrx_word' id='word_1_303' title='bbox 518 2783 584 2832; x_wconf 91' lang='lat' dir='ltr'>enim</span> <span class='ocrx_word' id='word_1_304' title='bbox 596 2785 669 2833; x_wconf 90' lang='lat' dir='ltr'>novit</span> <span class='ocrx_word' id='word_1_305' title='bbox 706 2799 796 2849; x_wconf 82' lang='lat' dir='ltr'>potere</span> <span class='ocrx_word' id='word_1_306' title='bbox 809 2786 859 2834; x_wconf 89' lang='lat' dir='ltr'>illis</span> <span class='ocrx_word' id='word_1_307' title='bbox 879 2786 1048 2849; x_wconf 81' lang='lat' dir='ltr'>gratissimum</span> <span class='ocrx_word' id='word_1_308' title='bbox 1067 2786 1126 2836; x_wconf 68' lang='lat' dir='ltr'>est!</span> <span class='ocrx_word' id='word_1_309' title='bbox 1161 2785 1238 2836; x_wconf 81' lang='lat' dir='ltr'>Hono</span> 
     </span>
     <span class='ocr_line' id='line_1_33' title="bbox 129 2859 1238 2913; baseline 0.004 -5"><span class='ocrx_word' id='word_1_310' title='bbox 129 2872 184 2908; x_wconf 72' lang='lat' dir='ltr'>cnr</span> <span class='ocrx_word' id='word_1_311' title='bbox 203 2859 261 2907; x_wconf 83' lang='lat' dir='ltr'>aeris</span> <span class='ocrx_word' id='word_1_312' title='bbox 280 2875 342 2909; x_wconf 88' lang='lat' dir='ltr'>sono</span> <span class='ocrx_word' id='word_1_313' title='bbox 368 2860 475 2908; x_wconf 81' lang='lat' dir='ltr'>redeunt</span> <span class='ocrx_word' id='word_1_314' title='bbox 494 2859 520 2907; x_wconf 93' lang='lat' dir='ltr'>in</span> <span class='ocrx_word' id='word_1_315' title='bbox 541 2860 669 2909; x_wconf 76' lang='lat' dir='ltr'>alveario?</span> <span class='ocrx_word' id='word_1_316' title='bbox 705 2861 731 2909; x_wconf 89' lang='lat' dir='ltr'>in</span> <span class='ocrx_word' id='word_1_317' title='bbox 745 2875 773 2910; x_wconf 90' lang='lat' dir='ltr'>re</span> <span class='ocrx_word' id='word_1_318' title='bbox 785 2862 835 2910; x_wconf 83' lang='lat' dir='ltr'>alio</span> <span class='ocrx_word' id='word_1_319' title='bbox 847 2862 912 2910; x_wconf 82' lang='lat' dir='ltr'>libat</span> <span class='ocrx_word' id='word_1_320' title='bbox 925 2863 1021 2911; x_wconf 86' lang='lat' dir='ltr'>Lucan.</span> <span class='ocrx_word' id='word_1_321' title='bbox 1039 2862 1084 2911; x_wconf 89' lang='lat' dir='ltr'>lib.</span> <span class='ocrx_word' id='word_1_322' title='bbox 1096 2876 1116 2913; x_wconf 86' lang='lat'>1.</span> <span class='ocrx_word' id='word_1_323' title='bbox 1138 2861 1238 2912; x_wconf 82' lang='lat' dir='ltr'>‘Nullo</span> 
     </span>
     <span class='ocr_line' id='line_1_34' title="bbox 129 2931 1238 3004; baseline 0.009 -23"><span class='ocrx_word' id='word_1_324' title='bbox 129 2933 199 2983; x_wconf 81' lang='lat' dir='ltr'>licet</span> <span class='ocrx_word' id='word_1_325' title='bbox 216 2934 271 2997; x_wconf 92' lang='lat' dir='ltr'>ipse</span> <span class='ocrx_word' id='word_1_326' title='bbox 291 2936 368 2998; x_wconf 84' lang='lat' dir='ltr'>paulo</span> <span class='ocrx_word' id='word_1_327' title='bbox 388 2940 447 2998; x_wconf 92' lang='lat' dir='ltr'>post</span> <span class='ocrx_word' id='word_1_328' title='bbox 466 2934 541 2995; x_wconf 74' lang='lat' dir='ltr'>dicit,</span> <span class='ocrx_word' id='word_1_329' title='bbox 557 2934 668 2998; x_wconf 88' lang='lat' dir='ltr'>‘Crepi·</span> <span class='ocrx_word' id='word_1_330' title='bbox 705 2937 769 2987; x_wconf 85' lang='lat' dir='ltr'>fides</span> <span class='ocrx_word' id='word_1_331' title='bbox 786 2931 858 3002; x_wconf 81' lang='lat' dir='ltr'>regni</span> <span class='ocrx_word' id='word_1_332' title='bbox 867 2939 952 2998; x_wconf 84' lang='lat' dir='ltr'>sociis,</span> <span class='ocrx_word' id='word_1_333' title='bbox 970 2939 1101 3003; x_wconf 79' lang='lat' dir='ltr'>omnisque</span> <span class='ocrx_word' id='word_1_334' title='bbox 1121 2946 1238 3004; x_wconf 78' lang='lat' dir='ltr'>potestas</span> 
     </span>
     <span class='ocr_line' id='line_1_35' title="bbox 134 3009 1238 3078; baseline 0.006 -19"><span class='ocrx_word' id='word_1_335' title='bbox 134 3009 269 3073; x_wconf 77' lang='lat' dir='ltr'>tonsisque</span> <span class='ocrx_word' id='word_1_336' title='bbox 289 3025 342 3059; x_wconf 79' lang='lat' dir='ltr'>aers</span> <span class='ocrx_word' id='word_1_337' title='bbox 358 3016 464 3071; x_wconf 70' lang='lat' dir='ltr'>secuta»,</span> <span class='ocrx_word' id='word_1_338' title='bbox 484 3010 589 3059; x_wconf 80' lang='lat' dir='ltr'>Dictaeo</span> <span class='ocrx_word' id='word_1_339' title='bbox 609 3010 668 3059; x_wconf 71' lang='lat' dir='ltr'>culi</span> <span class='ocrx_word' id='word_1_340' title='bbox 706 3015 850 3078; x_wconf 84' lang='lat' dir='ltr'>impatiens</span> <span class='ocrx_word' id='word_1_341' title='bbox 861 3019 986 3067; x_wconf 87' lang='lat' dir='ltr'>consortis</span> <span class='ocrx_word' id='word_1_342' title='bbox 996 3017 1062 3066; x_wconf 72' lang='lat' dir='ltr'>erit!</span> <span class='ocrx_word' id='word_1_343' title='bbox 1097 3017 1171 3066; x_wconf 81' lang='lat' dir='ltr'>Hono</span> <span class='ocrx_word' id='word_1_344' title='bbox 1184 3017 1238 3066; x_wconf 85' lang='lat' dir='ltr'>Ho-</span> 
     </span>
     <span class='ocr_line' id='line_1_36' title="bbox 133 3085 1237 3156; baseline 0.006 -22"><span class='ocrx_word' id='word_1_345' title='bbox 133 3099 221 3148; x_wconf 88' lang='lat' dir='ltr'>regem</span> <span class='ocrx_word' id='word_1_346' title='bbox 237 3099 332 3149; x_wconf 85' lang='lat' dir='ltr'>pavere</span> <span class='ocrx_word' id='word_1_347' title='bbox 343 3086 390 3135; x_wconf 89' lang='lat' dir='ltr'>sub</span> <span class='ocrx_word' id='word_1_348' title='bbox 403 3085 496 3134; x_wconf 59' lang='lat' dir='ltr'>antro?</span> <span class='ocrx_word' id='word_1_349' title='bbox 529 3085 635 3137; x_wconf 74' lang='lat' dir='ltr'>Servius.</span> <span class='ocrx_word' id='word_1_350' title='bbox 705 3105 767 3141; x_wconf 87' lang='lat' dir='ltr'>mer.</span> <span class='ocrx_word' id='word_1_351' title='bbox 775 3092 848 3156; x_wconf 86' lang='lat' dir='ltr'>cujus</span> <span class='ocrx_word' id='word_1_352' title='bbox 855 3093 946 3143; x_wconf 90' lang='lat' dir='ltr'>tritum</span> <span class='ocrx_word' id='word_1_353' title='bbox 955 3100 996 3143; x_wconf 87' lang='lat' dir='ltr'>est</span> <span class='ocrx_word' id='word_1_354' title='bbox 1003 3093 1079 3142; x_wconf 89' lang='lat' dir='ltr'>illud:</span> <span class='ocrx_word' id='word_1_355' title='bbox 1092 3091 1237 3155; x_wconf 73' lang='grc' dir='ltr'>οὐκᾶγοθον</span> 
     </span>
     <span class='ocr_line' id='line_1_37' title="bbox 128 3160 1238 3233; baseline 0.008 -23"><span class='ocrx_word' id='word_1_356' title='bbox 128 3195 134 3204; x_wconf 92' lang='grc'><strong>-</strong></span> <span class='ocrx_word' id='word_1_357' title='bbox 165 3165 198 3210; x_wconf 85' lang='grc'>67</span> <span class='ocrx_word' id='word_1_358' title='bbox 223 3160 268 3210; x_wconf 79' lang='lat' dir='ltr'>Sin</span> <span class='ocrx_word' id='word_1_359' title='bbox 285 3167 363 3212; x_wconf 81' lang='lat' dir='ltr'>nutem</span> <span class='ocrx_word' id='word_1_360' title='bbox 381 3164 412 3211; x_wconf 81' lang='lat' dir='ltr'>od</span> <span class='ocrx_word' id='word_1_361' title='bbox 428 3177 535 3225; x_wconf 75' lang='lat' dir='ltr'>pugnam</span> <span class='ocrx_word' id='word_1_362' title='bbox 553 3163 668 3227; x_wconf 77' lang='lat' dir='ltr'>exierint]</span> <span class='ocrx_word' id='word_1_363' title='bbox 703 3168 876 3232; x_wconf 79' lang='grc' dir='ltr'>πολυκοιρανίη,</span> <span class='ocrx_word' id='word_1_364' title='bbox 899 3167 931 3219; x_wconf 78' lang='lat' dir='ltr'>sit</span> <span class='ocrx_word' id='word_1_365' title='bbox 949 3167 1053 3233; x_wconf 72' lang='grc' dir='ltr'><strong><em>κοίρανος</em></strong></span> <span class='ocrx_word' id='word_1_366' title='bbox 1072 3167 1150 3218; x_wconf 65' lang='lat' dir='ltr'>loro:</span> <span class='ocrx_word' id='word_1_367' title='bbox 1180 3170 1238 3219; x_wconf 81' lang='lat' dir='ltr'>Nost</span> 
     </span>
     <span class='ocr_line' id='line_1_38' title="bbox 130 3237 1237 3310; baseline 0.008 -24"><span class='ocrx_word' id='word_1_368' title='bbox 130 3238 247 3301; x_wconf 78' lang='lat' dir='ltr'>Longior</span> <span class='ocrx_word' id='word_1_369' title='bbox 257 3239 333 3288; x_wconf 91' lang='lat' dir='ltr'>solito</span> <span class='ocrx_word' id='word_1_370' title='bbox 352 3239 525 3302; x_wconf 78' lang='lat' dir='ltr'>parenthesis:</span> <span class='ocrx_word' id='word_1_371' title='bbox 542 3245 584 3288; x_wconf 91' lang='lat' dir='ltr'>est</span> <span class='ocrx_word' id='word_1_372' title='bbox 599 3241 667 3289; x_wconf 87' lang='lat' dir='ltr'>enim</span> <span class='ocrx_word' id='word_1_373' title='bbox 703 3240 1102 3310; x_wconf 64' lang='lat' dir='ltr'>bonoresmnltorom&#39;psinoipotnn</span> <span class='ocrx_word' id='word_1_374' title='bbox 1111 3259 1170 3294; x_wconf 83' lang='lat' dir='ltr'>onos</span> <span class='ocrx_word' id='word_1_375' title='bbox 1180 3237 1237 3295; x_wconf 76' lang='lat' dir='ltr'>Rex</span> 
     </span>
     <span class='ocr_line' id='line_1_39' title="bbox 131 3313 888 3380; baseline 0.011 -18"><span class='ocrx_word' id='word_1_376' title='bbox 131 3313 214 3363; x_wconf 79' lang='lat' dir='ltr'>ordo:</span> <span class='ocrx_word' id='word_1_377' title='bbox 227 3314 272 3362; x_wconf 92' lang='lat' dir='ltr'>Sin</span> <span class='ocrx_word' id='word_1_378' title='bbox 284 3322 371 3365; x_wconf 82' lang='lat' dir='ltr'>nutem</span> <span class='ocrx_word' id='word_1_379' title='bbox 383 3317 414 3365; x_wconf 80' lang='lat' dir='ltr'>od</span> <span class='ocrx_word' id='word_1_380' title='bbox 427 3331 539 3379; x_wconf 83' lang='lat' dir='ltr'>pnguum</span> <span class='ocrx_word' id='word_1_381' title='bbox 550 3317 667 3380; x_wconf 83' lang='lat' dir='ltr'>exierint,</span> <span class='ocrx_word' id='word_1_382' title='bbox 705 3324 761 3368; x_wconf 84' lang='lat' dir='ltr'>esto.</span> <span class='ocrx_word' id='word_1_383' title='bbox 795 3321 888 3370; x_wconf 80' lang='lat' dir='ltr'>Cerdo.</span> 
     </span>
     <span class='ocr_line' id='line_1_40' title="bbox 130 3393 1296 3463; baseline 0.006 -22"><span class='ocrx_word' id='word_1_384' title='bbox 130 3397 219 3441; x_wconf 88' lang='lat' dir='ltr'>motus</span> <span class='ocrx_word' id='word_1_385' title='bbox 228 3393 378 3453; x_wconf 83' lang='lat' dir='ltr'>animorum,</span> <span class='ocrx_word' id='word_1_386' title='bbox 395 3395 491 3458; x_wconf 83' lang='lat' dir='ltr'>‘atque</span> <span class='ocrx_word' id='word_1_387' title='bbox 508 3396 563 3443; x_wconf 83' lang='lat' dir='ltr'>haec</span> <span class='ocrx_word' id='word_1_388' title='bbox 583 3403 666 3445; x_wconf 83' lang='lat' dir='ltr'>certo·</span> <span class='ocrx_word' id='word_1_389' title='bbox 704 3439 706 3444; x_wconf 93' lang='lat'><em>.</em></span> <span class='ocrx_word' id='word_1_390' title='bbox 736 3400 769 3443; x_wconf 83' lang='grc'>68</span> <span class='ocrx_word' id='word_1_391' title='bbox 786 3397 897 3459; x_wconf 81' lang='lat' dir='ltr'>lucessit]</span> <span class='ocrx_word' id='word_1_392' title='bbox 919 3397 1140 3461; x_wconf 84' lang='lat' dir='ltr'>Ingruit,lnvnsit.</span> <span class='ocrx_word' id='word_1_393' title='bbox 1156 3397 1236 3463; x_wconf 82' lang='lat' dir='ltr'>Alibi,</span> <span class='ocrx_word' id='word_1_394' title='bbox 1295 3424 1296 3429; x_wconf 63' lang='lat'><em>=</em></span> 
     </span>
     <span class='ocr_line' id='line_1_41' title="bbox 131 3467 1237 3538; baseline 0.01 -22"><span class='ocrx_word' id='word_1_395' title='bbox 131 3467 203 3517; x_wconf 80' lang='lat' dir='ltr'>mine</span> <span class='ocrx_word' id='word_1_396' title='bbox 230 3476 304 3519; x_wconf 79' lang='lat' dir='ltr'>tuoto</span> <span class='ocrx_word' id='word_1_397' title='bbox 321 3472 449 3532; x_wconf 75' lang='lat' dir='ltr'>Pulveris</span> <span class='ocrx_word' id='word_1_398' title='bbox 477 3471 562 3533; x_wconf 76' lang='lat' dir='ltr'>exigui</span> <span class='ocrx_word' id='word_1_399' title='bbox 589 3472 666 3536; x_wconf 82' lang='lat' dir='ltr'>jactu</span> <span class='ocrx_word' id='word_1_400' title='bbox 704 3473 1166 3538; x_wconf 63' lang='lat' dir='ltr'>incessimurmigoesaotectavolore.</span> <span class='ocrx_word' id='word_1_401' title='bbox 1200 3475 1237 3527; x_wconf 85' lang='lat' dir='ltr'>Et</span> 
     </span>
     <span class='ocr_line' id='line_1_42' title="bbox 132 3548 1235 3616; baseline 0.008 -22"><span class='ocrx_word' id='word_1_402' title='bbox 132 3548 442 3611; x_wconf 69' lang='lat' dir='ltr'>compressaqniesoent!</span> <span class='ocrx_word' id='word_1_403' title='bbox 476 3549 586 3610; x_wconf 80' lang='lat' dir='ltr'>Ptilorg.</span> <span class='ocrx_word' id='word_1_404' title='bbox 702 3549 798 3599; x_wconf 81' lang='lat' dir='ltr'>incessit</span> <span class='ocrx_word' id='word_1_405' title='bbox 814 3552 916 3616; x_wconf 68' lang='lat' dir='ltr'>regillo,</span> <span class='ocrx_word' id='word_1_406' title='bbox 935 3552 1073 3616; x_wconf 83' lang='lat' dir='ltr'>figuratum</span> <span class='ocrx_word' id='word_1_407' title='bbox 1094 3559 1148 3603; x_wconf 90' lang='lat' dir='ltr'>est:</span> <span class='ocrx_word' id='word_1_408' title='bbox 1176 3568 1235 3602; x_wconf 80' lang='lat' dir='ltr'>num</span> 
     </span>
     <span class='ocr_line' id='line_1_43' title="bbox 114 3621 1138 3689; baseline 0.006 -19"><span class='ocrx_word' id='word_1_409' title='bbox 114 3643 135 3685; x_wconf 20' lang='grc' dir='ltr'>ῆι</span> <span class='ocrx_word' id='word_1_410' title='bbox 158 3621 310 3686; x_wconf 64' lang='lat' dir='ltr'>sinautem]</span> <span class='ocrx_word' id='word_1_411' title='bbox 327 3627 366 3674; x_wconf 84' lang='lat' dir='ltr'>De</span> <span class='ocrx_word' id='word_1_412' title='bbox 377 3628 530 3688; x_wconf 79' lang='lat' dir='ltr'>componendo</span> <span class='ocrx_word' id='word_1_413' title='bbox 538 3641 608 3688; x_wconf 81' lang='lat' dir='ltr'>opum</span> <span class='ocrx_word' id='word_1_414' title='bbox 618 3627 667 3675; x_wconf 81' lang='lat' dir='ltr'>dis·</span> <span class='ocrx_word' id='word_1_415' title='bbox 701 3624 797 3676; x_wconf 80' lang='lat' dir='ltr'>incessit</span> <span class='ocrx_word' id='word_1_416' title='bbox 805 3643 873 3689; x_wconf 82' lang='lat' dir='ltr'>reges</span> <span class='ocrx_word' id='word_1_417' title='bbox 883 3627 1001 3678; x_wconf 79' lang='lat' dir='ltr'>dicimus.</span> <span class='ocrx_word' id='word_1_418' title='bbox 1034 3628 1138 3677; x_wconf 79' lang='lat' dir='ltr'>Servios.</span> 
     </span>
     <span class='ocr_line' id='line_1_44' title="bbox 83 3698 1234 3768; baseline 0.006 -21"><span class='ocrx_word' id='word_1_419' title='bbox 83 3728 85 3732; x_wconf 94' lang='lat'>·</span> <span class='ocrx_word' id='word_1_420' title='bbox 129 3698 191 3748; x_wconf 81' lang='lat' dir='ltr'>sidio</span> <span class='ocrx_word' id='word_1_421' title='bbox 198 3715 209 3756; x_wconf 90' lang='lat'>,·</span> <span class='ocrx_word' id='word_1_422' title='bbox 232 3700 302 3764; x_wconf 90' lang='lat' dir='ltr'>quod</span> <span class='ocrx_word' id='word_1_423' title='bbox 312 3703 396 3750; x_wconf 88' lang='lat' dir='ltr'>oritur</span> <span class='ocrx_word' id='word_1_424' title='bbox 411 3718 443 3750; x_wconf 86' lang='lat' dir='ltr'>ex</span> <span class='ocrx_word' id='word_1_425' title='bbox 459 3702 623 3768; x_wconf 66' lang='grc' dir='ltr'><strong><em>πολυκοιρανίη</em></strong></span> <span class='ocrx_word' id='word_1_426' title='bbox 639 3709 667 3752; x_wconf 90' lang='lat' dir='ltr'>et</span> <span class='ocrx_word' id='word_1_427' title='bbox 703 3730 706 3737; x_wconf 90' lang='lat'>·</span> <span class='ocrx_word' id='word_1_428' title='bbox 736 3703 847 3765; x_wconf 83' lang='lat' dir='ltr'>Incessit]</span> <span class='ocrx_word' id='word_1_429' title='bbox 873 3703 950 3755; x_wconf 79' lang='lat' dir='ltr'>Quod</span> <span class='ocrx_word' id='word_1_430' title='bbox 970 3713 1058 3753; x_wconf 87' lang='lat' dir='ltr'>noster</span> <span class='ocrx_word' id='word_1_431' title='bbox 1079 3704 1127 3753; x_wconf 88' lang='lat' dir='ltr'>hoc</span> <span class='ocrx_word' id='word_1_432' title='bbox 1144 3703 1234 3768; x_wconf 88' lang='lat' dir='ltr'>verbo,</span> 
     </span>
     <span class='ocr_line' id='line_1_45' title="bbox 130 3776 1233 3845; baseline 0.004 -20"><span class='ocrx_word' id='word_1_433' title='bbox 130 3776 225 3826; x_wconf 89' lang='lat' dir='ltr'>studiis</span> <span class='ocrx_word' id='word_1_434' title='bbox 247 3779 366 3841; x_wconf 85' lang='lat' dir='ltr'>partium.</span> <span class='ocrx_word' id='word_1_435' title='bbox 411 3782 475 3829; x_wconf 90' lang='lat' dir='ltr'>Cum</span> <span class='ocrx_word' id='word_1_436' title='bbox 498 3781 566 3830; x_wconf 87' lang='lat' dir='ltr'>enim</span> <span class='ocrx_word' id='word_1_437' title='bbox 589 3796 666 3845; x_wconf 81' lang='lat' dir='ltr'>apum</span> <span class='ocrx_word' id='word_1_438' title='bbox 702 3779 821 3842; x_wconf 84' lang='lat' dir='ltr'>Tlrocyd.</span> <span class='ocrx_word' id='word_1_439' title='bbox 851 3779 897 3827; x_wconf 88' lang='lat' dir='ltr'>lib.</span> <span class='ocrx_word' id='word_1_440' title='bbox 922 3793 971 3828; x_wconf 78' lang='grc' dir='ltr'>νη.</span> <span class='ocrx_word' id='word_1_441' title='bbox 997 3779 1127 3839; x_wconf 74' lang='grc' dir='ltr'><strong><em>ἐμπίπτειν.</em></strong></span> <span class='ocrx_word' id='word_1_442' title='bbox 1156 3780 1233 3829; x_wconf 81' lang='lat' dir='ltr'>Alex.</span> 
     </span>
     <span class='ocr_line' id='line_1_46' title="bbox 129 3852 1233 3922; baseline 0.005 -20"><span class='ocrx_word' id='word_1_443' title='bbox 129 3852 230 3903; x_wconf 79' lang='lat' dir='ltr'>Politia</span> <span class='ocrx_word' id='word_1_444' title='bbox 241 3855 274 3903; x_wconf 90' lang='lat' dir='ltr'>sit</span> <span class='ocrx_word' id='word_1_445' title='bbox 285 3855 410 3919; x_wconf 73' lang='grc' dir='ltr'><strong><em>μοναρχία,</em></strong></span> <span class='ocrx_word' id='word_1_446' title='bbox 428 3872 473 3921; x_wconf 86' lang='lat' dir='ltr'>pro</span> <span class='ocrx_word' id='word_1_447' title='bbox 492 3872 523 3906; x_wconf 83' lang='lat' dir='ltr'>ea</span> <span class='ocrx_word' id='word_1_448' title='bbox 540 3865 665 3922; x_wconf 81' lang='lat' dir='ltr'>pugnant.</span> <span class='ocrx_word' id='word_1_449' title='bbox 703 3856 818 3920; x_wconf 75' lang='lat' dir='ltr'>Aphrod.</span> <span class='ocrx_word' id='word_1_450' title='bbox 852 3855 996 3915; x_wconf 76' lang='grc' dir='ltr'><strong><em>εὺοκήπτειν.</em></strong></span> <span class='ocrx_word' id='word_1_451' title='bbox 1026 3859 1104 3907; x_wconf 88' lang='lat' dir='ltr'>Plato</span> <span class='ocrx_word' id='word_1_452' title='bbox 1129 3858 1179 3920; x_wconf 85' lang='lat' dir='ltr'>leg.</span> <span class='ocrx_word' id='word_1_453' title='bbox 1200 3855 1233 3916; x_wconf 71' lang='lat' dir='ltr'>oi.</span> 
     </span>
     <span class='ocr_line' id='line_1_47' title="bbox 128 3929 1234 3998; baseline 0.004 -20"><span class='ocrx_word' id='word_1_454' title='bbox 128 3929 267 3980; x_wconf 73' lang='lat' dir='ltr'>Lucanus:</span> <span class='ocrx_word' id='word_1_455' title='bbox 285 3933 386 3981; x_wconf 80' lang='lat' dir='ltr'>‘Nulla</span> <span class='ocrx_word' id='word_1_456' title='bbox 397 3932 461 3982; x_wconf 85' lang='lat' dir='ltr'>fides</span> <span class='ocrx_word' id='word_1_457' title='bbox 478 3934 548 3998; x_wconf 84' lang='lat' dir='ltr'>regni</span> <span class='ocrx_word' id='word_1_458' title='bbox 567 3936 664 3984; x_wconf 84' lang='lat' dir='ltr'>sociis:</span> <span class='ocrx_word' id='word_1_459' title='bbox 702 3930 848 3995; x_wconf 69' lang='grc' dir='ltr'><strong><em>εἰσήρχοντο.</em></strong></span> <span class='ocrx_word' id='word_1_460' title='bbox 858 3939 886 3981; x_wconf 91' lang='lat' dir='ltr'>et</span> <span class='ocrx_word' id='word_1_461' title='bbox 896 3934 922 3981; x_wconf 93' lang='lat' dir='ltr'>in</span> <span class='ocrx_word' id='word_1_462' title='bbox 936 3933 1047 3982; x_wconf 88' lang='lat' dir='ltr'>Menoue</span> <span class='ocrx_word' id='word_1_463' title='bbox 1063 3931 1144 3989; x_wconf 80' lang='grc' dir='ltr'><strong><em>λάβοι.</em></strong></span> <span class='ocrx_word' id='word_1_464' title='bbox 1161 3939 1188 3982; x_wconf 86' lang='lat' dir='ltr'>et</span> <span class='ocrx_word' id='word_1_465' title='bbox 1208 3933 1234 3982; x_wconf 91' lang='lat' dir='ltr'>in</span> 
     </span>
     <span class='ocr_line' id='line_1_48' title="bbox 130 4005 1234 4081; baseline 0.005 -26"><span class='ocrx_word' id='word_1_466' title='bbox 130 4005 265 4071; x_wconf 79' lang='lat' dir='ltr'>omnisque</span> <span class='ocrx_word' id='word_1_467' title='bbox 285 4017 399 4072; x_wconf 83' lang='lat' dir='ltr'>potestas</span> <span class='ocrx_word' id='word_1_468' title='bbox 411 4010 553 4074; x_wconf 76' lang='lat' dir='ltr'>Impatiens</span> <span class='ocrx_word' id='word_1_469' title='bbox 564 4025 666 4061; x_wconf 87' lang='lat' dir='ltr'>consor·</span> <span class='ocrx_word' id='word_1_470' title='bbox 701 4009 802 4071; x_wconf 81' lang='lat' dir='ltr'>Theage</span> <span class='ocrx_word' id='word_1_471' title='bbox 810 4006 961 4072; x_wconf 66' lang='grc' dir='ltr'>παρεγένετο.</span> <span class='ocrx_word' id='word_1_472' title='bbox 973 4011 1090 4074; x_wconf 86' lang='lat' dir='ltr'>Euripid.</span> <span class='ocrx_word' id='word_1_473' title='bbox 1102 4012 1127 4059; x_wconf 91' lang='lat' dir='ltr'>in</span> <span class='ocrx_word' id='word_1_474' title='bbox 1138 4011 1234 4081; x_wconf 79' lang='lat' dir='ltr'>Rheso.</span> 
     </span>
     <span class='ocr_line' id='line_1_49' title="bbox 130 4081 1235 4148; baseline 0.005 -17"><span class='ocrx_word' id='word_1_475' title='bbox 130 4081 244 4132; x_wconf 70' lang='lat' dir='ltr'>tiserit!</span> <span class='ocrx_word' id='word_1_476' title='bbox 280 4085 423 4135; x_wconf 83' lang='lat' dir='ltr'>Tonbmonn.</span> <span class='ocrx_word' id='word_1_477' title='bbox 701 4082 759 4132; x_wconf 73' lang='grc' dir='ltr'><strong><em>ἕλοι.</em></strong></span> <span class='ocrx_word' id='word_1_478' title='bbox 772 4085 824 4134; x_wconf 84' lang='grc' dir='ltr'>1)ἰο</span> <span class='ocrx_word' id='word_1_479' title='bbox 837 4086 969 4148; x_wconf 80' lang='lat' dir='ltr'>chrysost.</span> <span class='ocrx_word' id='word_1_480' title='bbox 987 4095 1052 4136; x_wconf 79' lang='lat' dir='ltr'>orat.</span> <span class='ocrx_word' id='word_1_481' title='bbox 1066 4101 1154 4136; x_wconf 80' lang='lat' dir='ltr'>sm.</span> <span class='ocrx_word' id='word_1_482' title='bbox 1167 4086 1235 4148; x_wconf 63' lang='lat' dir='ltr'>lpse·</span> 
     </span>
     <span class='ocr_line' id='line_1_50' title="bbox 161 4158 1233 4227; baseline 0.002 -17"><span class='ocrx_word' id='word_1_483' title='bbox 161 4159 231 4223; x_wconf 78' lang='lat' dir='ltr'>Soepe</span> <span class='ocrx_word' id='word_1_484' title='bbox 251 4162 349 4226; x_wconf 67' lang='lat' dir='ltr'>molus]</span> <span class='ocrx_word' id='word_1_485' title='bbox 380 4159 480 4213; x_wconf 86' lang='lat' dir='ltr'>Colum.</span> <span class='ocrx_word' id='word_1_486' title='bbox 491 4170 571 4215; x_wconf 83' lang='lat' dir='ltr'>1x.9.</span> <span class='ocrx_word' id='word_1_487' title='bbox 600 4165 664 4214; x_wconf 85' lang='lat' dir='ltr'>‘Iu-</span> <span class='ocrx_word' id='word_1_488' title='bbox 700 4158 813 4226; x_wconf 68' lang='grc' dir='ltr'><strong><em>κεῐρηκενζ</em></strong></span> <span class='ocrx_word' id='word_1_489' title='bbox 827 4162 934 4211; x_wconf 87' lang='lat' dir='ltr'>Homer.</span> <span class='ocrx_word' id='word_1_490' title='bbox 948 4163 1030 4227; x_wconf 85' lang='lat' dir='ltr'>Odys.</span> <span class='ocrx_word' id='word_1_491' title='bbox 1045 4176 1128 4213; x_wconf 77' lang='lat' dir='ltr'>mu.</span> <span class='ocrx_word' id='word_1_492' title='bbox 1144 4162 1233 4212; x_wconf 71' lang='lat' dir='ltr'>insum</span> 
     </span>
    </p>
   </div>
   <div class='ocr_carea' id='block_1_3' title="bbox 129 4237 1234 4308">
    <p class='ocr_par' dir='ltr' id='par_1_3' title="bbox 129 4237 1234 4308">
     <span class='ocr_line' id='line_1_51' title="bbox 129 4237 1234 4308; baseline 0.005 -21"><span class='ocrx_word' id='word_1_493' title='bbox 129 4239 173 4287; x_wconf 83' lang='lat' dir='ltr'>tor</span> <span class='ocrx_word' id='word_1_494' title='bbox 190 4251 228 4303; x_wconf 88' lang='lat' dir='ltr'>se,</span> <span class='ocrx_word' id='word_1_495' title='bbox 247 4244 370 4304; x_wconf 80' lang='lat' dir='ltr'>touqnsm</span> <span class='ocrx_word' id='word_1_496' title='bbox 391 4239 510 4292; x_wconf 83' lang='lat' dir='ltr'>civilibus</span> <span class='ocrx_word' id='word_1_497' title='bbox 532 4241 616 4308; x_wconf 86' lang='lat' dir='ltr'>bellis,</span> <span class='ocrx_word' id='word_1_498' title='bbox 635 4246 665 4291; x_wconf 91' lang='lat' dir='ltr'>et</span> <span class='ocrx_word' id='word_1_499' title='bbox 701 4237 1234 4306; x_wconf 68' lang='lat' dir='ltr'>crnb.1x.tpom.slerodot.l.&#39;u.lrsl1</span> 
     </span>
    </p>
   </div>
   <div class='ocr_carea' id='block_1_4' title="bbox 0 0 1376 4696">
    <p class='ocr_par' dir='ltr' id='par_1_4' title="bbox 0 0 1376 4696">
     <span class='ocr_line' id='line_1_52' title="bbox 0 0 1376 4696; baseline 0 1"><span class='ocrx_word' id='word_1_500' title='bbox 0 0 1376 4696; x_wconf 95' lang='lat' dir='ltr'> </span> 
     </span>
    </p>
   </div>
  </div>
 </body>
</html>
