2744 4696
126 328 215 397 1914
477 340 585 390 noun
609 339 811 390 vauronon
835 332 876 388 ιιι

127 493 186 538 tore
200 486 317 552 loquens.
350 485 474 535 Dicamus
490 484 659 549 igitarAthe·
695 485 780 545 larem,
794 487 892 547 propter
904 481 988 544 oleam
1006 479 1146 545 peod'eara,
1164 490 1231 544 pam

128 564 229 614 aientes
239 562 353 627 posuisse
361 563 461 626 prem
470 562 577 624 ingeniis
585 576 660 625 pagos
696 560 792 621 lasau,
801 559 861 623 fieri
879 557 1095 606 &maturrime
1111 555 1231 617 querire

124 645 153 709 et
170 640 271 703 compito
289 640 385 689 circaea
424 640 492 692 Quia
510 653 570 688 vero
592 645 660 700 sunt,
696 635 1081 694 mdoomemfiaetaiseaeeara.
1111 634 1232 697 Euspee‹

129 716 173 781 qui
194 715 328 779 Virgilium
350 722 447 778 negent
468 729 540 765 usum
563 714 660 776 rogero
698 717 756 761 tant
775 711 826 760 ista
843 710 921 760 Ouid.
939 709 1007 760 Met.
1023 722 1070 759 xv.
1091 709 1149 760 Vite
1166 724 1233 774 cuper

128 791 263 854 vocabolo,
282 806 336 860 pro¹
346 807 376 841 ea
388 793 412 841 vi
432 793 534 854 mentis,
556 791 661 856 quaesit
697 800 775 835 mortu
786 785 877 834 Bacchi
888 791 1006 836 motos
1017 788 1048 835 ud
1057 799 1114 834 aruo
1132 785 1234 836 Ducitur

129 862 280 929 docilitatis,
293 868 479 930 meditationis,
495 868 660 929 inventionis,
698 861 789 911 aeone
811 866 838 909 et
859 861 930 910 Past.
942 874 963 910 1.
983 861 1051 909 Rode
1067 874 1139 923 cuper
1154 860 1234 923 niteat,

130 946 159 992 at
175 943 320 1006 prudentie
339 957 440 1005 capax;
460 957 490 991 eo
509 941 661 1007 significato,
698 937 843 987 luncuiler
853 953 907 987 reru
916 938 1032 987 eruore
1046 953 1125 1001 uren,
1143 939 1175 986 lu
1186 942 1236 1003 les,

130 1017 199 1083 quod
217 1018 285 1082 apud
302 1017 440 1067 Horatium
457 1024 507 1078 est,
525 1016 608 1077 Graiis
625 1019 661 1066 ie·
698 1012 1025 1076 qrodssadiroreeepoaait,
1036 1013 1093 1063 erit.
1122 1014 1234 1062 EtMar·

128 1092 243 1154 genium
271 1098 299 1141 et
331 1092 400 1156 apud
432 1091 587 1154 Sallustium,
613 1091 661 1141 Sed
699 1087 754 1136 tial.
775 1101 819 1136 ιιι.
837 1092 879 1137 24.
909 1088 965 1138 We
984 1101 1068 1136 auem
1083 1101 1141 1136 roeo
1158 1088 1235 1138 elodul

131 1169 189 1232 gaio
208 1182 333 1231 provenere
353 1167 388 1216 iot
415 1169 530 1231 proeeloro
549 1168 662 1229 ingenio:
698 1165 828 1214 morituras
845 1167 876 1214 ud
893 1180 948 1215 uras
965 1166 1234 1230 Hermerotem

131 1256 207 1293 arone
228 1250 352 1306 punctum
364 1259 405 1293 me
415 1245 504 1293 tulisse
521 1242 662 1307 fateantur,
698 1239 795 1287 viatim
810 1246 883 1301 gruta
900 1242 982 1290 suerio
1014 1242 1068 1292 Sed
1080 1247 1110 1292 et
1120 1243 1234 1293 Pruden-

130 1318 153 1368 sl
163 1317 254 1368 dixero
263 1320 332 1383 apud
340 1319 477 1384 Virgilium
486 1320 576 1370 eodem
588 1321 662 1384 signi-
700 1315 749 1364 tius
761 1323 854 1367 contra
864 1318 937 1381 Syru.
956 1316 1005 1366 Hie
1015 1331 1076 1366 aeae
1088 1332 1136 1381 pro
1145 1317 1236 1367 meritis

130 1393 211 1446 ficato
237 1397 331 1460 accipi,
359 1398 444 1447 Haud·
458 1397 565 1461 equidm
585 1399 662 1458 eredo,
700 1392 794 1441 Bocoleo
816 1408 887 1456 ceper
907 1393 1014 1442 meldas
1041 1393 1092 1442 erle
1119 1394 1235 1444 creditae.

131 1471 189 1536 gaia
202 1471 235 1519 sit
253 1471 368 1520 diuisum
384 1471 432 1521 illie
451 1472 586 1533 Ingenium·
619 1472 662 1520 Ad
702 1465 822 1532 Adjunge
841 1469 889 1518 ista
902 1468 985 1518 Eueni
996 1468 1088 1519 Po'e'tae
1101 1469 1173 1533 apud
1184 1469 1235 1519 Na·

133 1560 220 1598 eorum
240 1547 308 1596 enirn
328 1547 474 1610 opinionem
496 1545 662 1597 refellendam
702 1543 779 1593 talem
790 1545 1030 1594 v.1s.tnuuoenus
1039 1545 1123 1594 vitem
1134 1546 1236 1610 loquen-

131 1622 182 1672 leuc
193 1623 238 1685 ait,
254 1623 298 1687 qui
310 1623 438 1686 putabant
458 1623 545 1673 multis
558 1629 585 1672 et
603 1637 662 1687 pru·
701 1624 753 1667 tem
775 1633 834 1669 eum
856 1634 950 1684 cupro:
985 1618 1036 1668 ilas
1057 1618 1088 1680 pi
1111 1618 1237 1684 odsprlrl

133 1696 238 1761 dentiae,
257 1707 283 1747 et
295 1700 436 1749 docilitatis
446 1700 526 1763 signis
540 1701 567 1749 in
578 1699 663 1749 arium
699 1692 776 1757 ῥίζαν,
795 1694 855 1755 ὅμως
874 1697 893 1744 l'
912 1693 948 1744 ἔτι
957 1693 1131 1759 καρποφορῆσαι
1146 1693 1238 1746 ‘oreos

133 1787 227 1838 gruere
244 1774 398 1837 perspectis,
408 1789 439 1823 ea
450 1774 548 1837 pollere
559 1780 661 1825 moute:
700 1771 833 1819 temetum
855 1770 893 1819 rol
915 1769 991 1835 rodus
1011 1770 1130 1834 mairo:
1157 1775 1237 1823 liedes

133 1850 208 1915 cnjus
226 1850 361 1900 sententia
384 1850 562 1901 Democritum
584 1848 663 1900 fuisse
701 1864 737 1898 me
753 1850 850 1900 liceeod
868 1852 1007 1916 stirpemde
1023 1851 1237 1917 pannosarum

133 1929 249 1978 tradunt.
281 1928 308 1977 si
329 1928 468 1992 quievero
485 1928 589 1992 Virgilii
608 1942 665 1978 sen·
700 1926 789 1976 Dulcia
810 1930 933 1977 mdoado
958 1928 1015 1978 ulau
1032 1930 1074 1978 sed
1093 1929 1162 1979 lires
1182 1927 1237 1979 etei.

134 2004 241 2053 tentiam
252 2003 383 2066 inspiciat,
402 2004 529 2054 neminem
542 2012 595 2053 tam
613 2009 664 2053 stu-
702 2002 795 2052 Cerda.
1197 2015 1199 2019 ’

133 2078 222 2144 pidum
232 2094 287 2128 esse
306 2078 469 2140 crediderim,
484 2078 664 2143 quinonfate·
735 2079 823 2144 Caper]
856 2080 968 2145 Proprie
991 2087 1120 2131 castratus
1143 2082 1238 2132 hircus.

134 2160 193 2204 atur
204 2168 235 2203 eo
247 2155 304 2202 loco
317 2155 451 2216 legentum,
469 2155 664 2217 provimeutis,
702 2153 747 2202 sed
765 2154 808 2203 hle
827 2168 875 2217 pro
894 2154 967 2205 hirco
986 2155 1101 2220 ponitur,
1119 2156 1162 2220 qul
1183 2155 1239 2221 arip

135 2229 229 2293 accipi,
241 2243 298 2292 qnae
310 2228 344 2278 sit
355 2228 505 2290 docilitatis,
517 2235 544 2278 et
557 2229 666 2292 pruden-
702 2227 775 2290 abydo
794 2229 946 2290 Theocrito,
968 2236 998 2280 ut
1017 2237 1047 2280 et
1066 2237 1156 2281 nostm
1181 2231 1237 2282 uei.

134 2301 179 2354 tiae
189 2319 281 2368 capax.
315 2302 392 2354 Quod
409 2304 431 2352 si
449 2304 664 2369 etiamnnsqnam
703 2317 752 2354 vn.
777 2305 822 2354 Vir
838 2307 923 2367 gregia
941 2306 991 2369 ipre
1012 2320 1089 2370 eoper.
1130 2306 1181 2357 Ge.
1197 2320 1239 2358 ιιι.

134 2379 206 2444 aiibi,
217 2379 340 2443 Virgilius
357 2393 388 2428 eo
400 2380 526 2431 vocabulo
538 2397 597 2431 naus
608 2380 666 2432 fnu-
702 2382 783 2429 dacem
801 2385 825 2429 et
842 2381 924 2444 pecori
944 2381 1026 2430 dixere
1047 2382 1172 2431 meritam
1194 2380 1239 2433 inf.

133 2460 185 2518 aet,
202 2456 373 2505 Latinissimae
384 2455 451 2505 illius
461 2457 544 2506 aetatis
564 2471 667 2507 consen-
703 2459 759 2505 tuo.
773 2456 876 2519 proprie
885 2455 958 2506 eane
968 2470 1035 2506 eoeer
1045 2457 1126 2506 Μνιιιι
1134 2460 1166 2507 od
1176 2472 1239 2508 arae.

55 2576 56 2581 ,
133 2544 186 2593 aus,
198 2546 248 2595 qua
260 2532 297 2580 Μ.
306 2531 411 2595 Tullius,
427 2534 570 2596 Sallustius,
584 2535 667 2583 Hora·
703 2531 864 2581 Taubmann.

134 2604 186 2656 tius
197 2607 321 2667 claruere,
339 2605 413 2670 facit,
431 2615 461 2658 ut
478 2610 527 2659 hoc
546 2610 603 2660 loco
615 2625 666 2659 uon
737 2610 832 2657 Boccho
851 2624 920 2672 cuper
935 2610 1041 2659 omeliae
1058 2609 1239 2674 retroceditur]

135 2682 275 2746 incongrue
294 2685 321 2733 in
347 2686 413 2733 hanc
434 2686 587 2735 sententiam
607 2686 667 2750 poni
705 2687 789 2737 Quum
807 2685 954 2748 obculpam
974 2687 1081 2736 Baccho
1099 2693 1240 2749 mactetur,

136 2760 266 2823 potuerit:
285 2760 386 2809 etiamsi
403 2761 441 2808 rei
461 2767 540 2812 tactae
559 2762 668 2824 pulchri·
705 2761 868 2811 intellectum
893 2761 1019 2825 superius.
1065 2762 1132 2811 Ideo
1161 2763 1238 2812 etiam

137 2835 211 2899 tudo,
230 2835 392 2900 eruditioque
412 2837 477 2899 ipsa,
501 2843 530 2885 et
552 2844 667 2888 veterum
705 2841 804 2890 hircum
818 2842 950 2904 appellare
959 2841 1065 2893 ridetur
1076 2842 1239 2907 lxdpirioeo-

138 2910 256 2960 codicum
272 2910 418 2959 testimonia
436 2925 486 2960 nou
504 2912 668 2965 accederent.
705 2913 776 2976 pirre
794 2915 885 2980 ὀπώρης
907 2918 995 2968 Nona.
1015 2919 1128 2984 Dionys.
1153 2921 1170 2971 Ι.
1192 2930 1241 2970 vn.

137 2986 243 3036 Pieriae.
707 2991 783 3043 Quod
801 2992 886 3042 hostia
905 2992 1028 3059 frequens
1040 2995 1073 3044 sit
1088 2995 1187 3046 Libero
1197 3010 1240 3061 pa·

172 3064 227 3111 Non
237 3063 455 3128 aliomolrcolpom]
481 3065 670 3117 Quaehicscri·
707 3067 750 3128 tri,
773 3067 895 3118 discimus
916 3083 949 3118 ex
971 3071 1066 3120 Horat.
1087 3072 1132 3123 od.
1152 3086 1197 3122 ιιι.
1218 3077 1244 3123 8.

138 3137 178 3188 bit
186 3138 261 3203 Virg.
272 3154 322 3188 uon
332 3140 436 3188 aliunde
447 3141 537 3190 melius
548 3142 669 3205 cognosci
711 3144 825 3194 Voeerom
836 3146 923 3195 debeis
934 3146 1021 3210 epulae,
1032 3152 1056 3196 et
1066 3147 1146 3197 olbam
1156 3148 1241 3198 utero

139 3223 246 3281 queunt,
266 3231 342 3281 quarn
363 3231 395 3265 ex
415 3216 501 3265 verbis
518 3217 575 3266 istis
593 3218 669 3269 Varr.
709 3219 821 3282 coprem.
863 3221 1054 3287 Nonnunquam
1073 3229 1161 3274 tamen
1183 3238 1241 3273 eum

139 3307 162 3343 r.
174 3301 238 3343 rust.
254 3308 273 3344 ι,
285 3300 309 3343 2.
329 3294 443 3349 Qooedom
457 3297 557 3358 pecudes
572 3296 671 3345 cultura
707 3297 805 3361 Priapo
827 3297 987 3347 immolatum
1009 3313 1075 3362 esse,
1095 3313 1144 3349 nos
1163 3298 1243 3350 docet

138 3373 194 3417 sart
205 3368 362 3432 inimicam
382 3384 477 3432 moeno,
494 3374 522 3418 at
536 3370 597 3434 lnoe,
615 3386 671 3434 paor
708 3372 863 3424 Petronius:
879 3373 926 3423 tute
944 3377 976 3423 od
993 3389 1056 3438 oros,
1075 3374 1173 3438 Sosicle,
1192 3381 1245 3425 tuoe

139 3445 252 3508 dimmaa,
270 3461 360 3508 coprm
376 3447 414 3495 lte
424 3447 487 3495 euim
496 3448 574 3496 orario
582 3451 671 3498 novello
708 3449 795 3511 leirene,
810 3449 903 3512 peeorir
916 3453 985 3513 poter
995 3449 1041 3500 uit
1050 3453 1082 3500 ud
1091 3466 1148 3500 urus
1160 3450 1246 3502 Curis

138 3524 672 3585 suecorpenooeorrampare,ooeminimom
706 3541 759 3588 ger.
793 3527 949 3577 Emmeness.

139 3597 200 3646 uites
215 3598 367 3659 mqeeoleos.
402 3599 484 3661 Itopee
499 3603 672 3663 proptereeir-
741 3606 788 3651 ⁸81
820 3602 916 3652 Veteres
937 3604 1018 3652 inerrat
1036 3605 1168 3666 pmseoeae'a
1184 3602 1245 3668 ledi]

138 3673 249 3724 udaeam
266 3675 358 3723 diuerso
368 3677 399 3725 de
410 3691 491 3725 roomo
507 3679 608 3727 eddius
623 3680 672 3729 Dei
709 3677 791 3727 Primi
809 3677 862 3725 ludi
876 3679 1015 3728 theatrales
1027 3693 1060 3728 ex
1078 3679 1243 3729 Liberalibus

139 3763 207 3800 urere
226 3749 302 3798 meio
319 3752 482 3815 adduceretur,
500 3754 609 3803 adalim
623 3770 670 3804 noe
710 3753 762 3800 noti
774 3759 849 3801 suut:
868 3752 927 3802 ideo
938 3753 984 3812 ait,
992 3758 1083 3802 ueteres
1093 3755 1154 3804 ledi.
1170 3756 1244 3805 Serv.

139 3826 326 3892 monstraretur:
342 3842 395 3876 eum
411 3826 440 3876 ol
456 3831 534 3878 eodem
548 3832 601 3879 odio
612 3834 673 3881 ulter
746 3828 852 3890 Veteres]
864 3829 1062 3880 Proseeaiosuut
1072 3831 1176 3894 pulpita
1185 3836 1244 3881 aute

138 3903 219 3952 uidere
229 3905 308 3966 aoVet,
327 3904 389 3951 ulter
400 3903 471 3952 eliam
482 3905 562 3954 uidere
575 3909 673 3968 perculs-
710 3918 824 3965 scenam,
841 3905 867 3952 in
885 3904 977 3968 quibus
1000 3905 1102 3956 ludicra
1121 3918 1244 3956 exercen-

139 3982 271 4031 terraeve.
310 3979 673 4047 SiosoetamolLiberoPotri,
711 3986 769 4028 tur:
798 3981 895 4040 λογεῖον
922 3981 1065 4043 Hesychio,
1091 3982 1137 4039 τῆι
1157 3979 1244 4040 edere

140 4058 256 4123 repertori
271 4059 335 4120 uitis,
349 4059 411 4107 ltirci
422 4059 606 4124 immolarentur,
620 4076 674 4125 pro·
709 4054 781 4105 τόποι
800 4056 837 4117 ἐφ’
858 4052 876 4118 ᾧ
898 4056 1018 4121 ὑποκριταὶ
1037 4055 1155 4119 amoveo:
1183 4057 1244 4108 vide

142 4135 197 4183 iude
207 4138 234 4181 ot
244 4134 321 4196 eapite
335 4135 419 4183 darent
434 4150 527 4198 poeros:
542 4142 632 4200 eortro,
647 4142 675 4187 ot
710 4131 764 4183 Jul.
776 4133 872 4181 Caesar.
888 4131 1027 4198 Bulenger.
1046 4132 1082 4184 de
1100 4133 1215 4185 Theaua
1225 4146 1246 4184 ι.

141 4207 262 4262 sume
271 4209 393 4276 eoprigeal
403 4211 499 4276 gereris
515 4211 578 4263 silit
592 4211 675 4264 isimo-
711 4215 752 4264 14.
789 4210 935 4263 raom.
