2744 4696
159 321 246 386 1858
505 339 615 388 norm
636 341 839 392 vuaroann
862 344 904 392 m

159 486 324 542 geometram,
340 481 453 544 appellat
465 496 543 531 oreae
553 498 688 547 merresa-em,
724 484 838 548 Scythiae
855 485 958 550 populi:
979 487 1092 539 anueb.
1110 502 1195 541 1¹1¹.
1214 495 1255 542 ab.

159 556 296 622 quodcum
313 571 362 604 non
382 557 416 605 sit
434 557 461 605 in
478 573 553 606 manu
571 559 686 619 hominis,
724 559 758 608 de
777 560 868 623 quibus
888 568 916 610 et
936 561 986 611 Ge.
1004 576 1047 611 111.
1067 568 1125 613 iol.
1142 566 1210 616 Pioti
1220 567 1257 617 di·

158 638 188 682 nt
207 638 235 680 et
256 646 390 680 numerere
406 631 501 682 fluctus
520 633 607 694 naris,
626 635 687 683 iude
725 638 831 695 eunium
857 637 907 699 rei,
923 636 1125 699 quia-oriqpm
1143 641 1254 692 habent:

156 714 218 756 nata
237 708 292 756 haec
315 708 464 769 proverbia:
493 707 569 768 ἅμμον
585 711 686 771 papeia,
724 716 754 755 nt
773 709 828 759 cic.
848 708 901 760 off.
921 724 952 760 ιι.
973 711 1005 761 de
1023 712 1134 763 barbaro
1147 717 1255 778 quodem

155 781 249 842 κύματα
276 784 377 844 μετρεῖν,
403 797 509 844 qnorum
532 783 686 832 mentionem
723 784 787 832 notia
800 784 1059 850 'Ibreieiisoompaseto
1070 790 1197 839 meminit.
1206 793 1257 857 rei,

156 857 234 908 infert
257 858 385 906 zenobius
406 864 506 917 centur.
528 871 547 907 1.
573 873 629 920 quae
649 858 686 906 di·
725 859 785 920 qnia
794 865 867 909 veste
876 862 1017 911 utebantur
1027 865 1200 916 versicolore:
1217 867 1256 918 uti

156 940 250 983 cuntur
266 933 303 980 en
319 935 367 980 τῶν
385 929 502 980 ἀδυνάτων
523 931 562 980 irai
580 931 686 994 ipimus.
724 931 757 980 de
769 932 890 984 iisSolin.
902 949 926 984 c.
938 940 978 985 19.
1008 937 1092 987 Gelani
1108 941 1139 988 de
1154 942 1256 996 boetia

156 1010 300 1058 emmonem
723 1008 813 1056 cutibus
823 1013 847 1057 ei
856 1009 903 1058 ribi
919 1016 943 1061 et
957 1012 1021 1073 equs
1031 1014 1138 1073 rem
1149 1015 1256 1076 facim.

189 1090 236 1134 1⁰7
254 1083 353 1146 Incidit]
374 1082 472 1132 Reddit
494 1083 584 1144 prorui
607 1083 686 1132 dubio
723 1082 781 1144 Vei,
806 1084 865 1146 qnia
880 1083 965 1143 fucato
983 1087 1010 1134 is
1030 1090 1143 1138 senium
1161 1106 1256 1155 empore

155 1161 307 1220 Homerum,
323 1160 366 1221 qui
376 1158 455 1208 etiam
467 1158 500 1206 de
512 1159 580 1206 Euro
589 1158 684 1220 Odyss.
719 1155 885 1220 pingebantur,
901 1166 937 1208 *ut
959 1161 1036 1220 vieini
1053 1163 1168 1226 ipsorum
1190 1167 1254 1229 Δμ-

155 1250 183 1284 r.
203 1232 281 1283 ἔπεσι.
315 1235 371 1283 Cic.
391 1234 468 1283 etiam
490 1234 516 1281 in
536 1232 611 1283 Aret.
640 1234 685 1283 Sis
721 1232 812 1296 thyrsi.-
827 1235 871 1283 De
882 1237 974 1299 quibus
991 1238 1050 1287 vide
1060 1239 1118 1289 AEn.
1138 1255 1177 1292 ιν.
1197 1247 1252 1295 lid.

153 1312 235 1373 noris
248 1311 359 1359 inciderit
374 1309 504 1359 eeiemma'
515 1309 617 1371 stamine
631 1325 685 1359 eerr-
724 1305 867 1357 amman.
1245 1346 1247 1352 ·

152 1392 208 1436 iris.v
233 1384 326 1435 (urdo.
753 1386 879 1451 Pietasque
890 1390 1002 1454 Gelonos]
1017 1392 1141 1442 Fabulam
1152 1395 1252 1459 quidem
1274 1433 1279 1444 .

187 1465 235 1511 1⁰9
252 1462 303 1508 Neo
313 1473 366 1507 aero
383 1463 455 1507 terre
466 1457 535 1517 serre
549 1473 627 1507 museo
636 1474 684 1510 our·
721 1460 803 1509 tradit
813 1461 963 1514 Herodotus
971 1467 988 1514 1.
998 1479 1038 1516 ιι.
1046 1481 1071 1516 o.
1081 1472 1121 1518 1⁰.
1130 1468 1251 1523 detribu

47 1524 51 1529 .
118 1564 120 1569 ,
151 1541 194 1589 m
209 1539 316 1602 Pomm]
340 1536 394 1585 Aut
413 1537 533 1599 generale
551 1543 600 1598 ppt,
617 1537 684 1586 sicut
721 1533 1211 1610 iiiiisHerculiarigathytaofflelono,
1224 1553 1251 1598 et

153 1618 191 1668 ait
213 1619 239 1666 in
258 1617 348 1679 primo,
374 1617 409 1664 Et
427 1616 485 1677 quid
506 1629 601 1677 qaoeqrre
615 1614 684 1674 feror
720 1609 827 1672 Scytha,
838 1612 881 1675 qui
893 1613 917 1662 ei
926 1621 1250 1686 proveneruutexvirgine

151 1693 232 1754 regio:
249 1700 293 1741 aut
311 1691 344 1739 ad
362 1691 495 1754 superiora
511 1691 633 1753 pertinet,
654 1697 684 1740 nt
721 1685 840 1748 ancipitis
850 1694 963 1739 nature:
982 1690 1114 1743 redense
1131 1703 1250 1761 compnn-

152 1768 187 1818 sit
207 1781 294 1816 sensus
311 1766 383 1815 talis:
402 1766 461 1814 Non
478 1765 592 1828 prodest,
608 1779 683 1815 nosse
721 1766 784 1821 gant
795 1761 863 1810 notis
879 1763 981 1827 Geloni,
997 1766 1057 1830 quis
1067 1768 1250 1837 Gelonus-qe:

153 1849 249 1892 cuncta
270 1843 363 1892 vitium
384 1854 491 1904 genera:
520 1853 569 1887 neo
596 1840 683 1888 omnia
721 1832 774 1897 puli
794 1837 891 1899 primas
908 1845 1009 1902 auctor,
1025 1855 1041 1890 e
1058 1851 1182 1907 serpente
1203 1847 1253 1905 orb,
1286 1856 1290 1866 “

151 1923 322 1982 procreantur
332 1916 357 1964 iu
369 1913 484 1963 omnibus
495 1913 581 1963 terris.
598 1913 665 1964 Sero.
720 1910 803 1960 undus
813 1919 862 1974 est,
878 1914 985 1963 aliorum
1002 1917 1126 1978 permitto
1139 1920 1249 1983 jndicio,

185 1998 232 2042 11⁰
250 1991 343 2041 crassis
360 1988 494 2054 paludibus]
518 1990 621 2039 Lutosrs
638 2004 680 2038 ns·
720 1985 780 2035 Non
792 2001 832 2036 me
842 1985 981 2051 fogitiilnd
993 1991 1130 2043 Claudiani
1145 1995 1171 2044 in
1181 1995 1249 2046 Ruti.

151 2068 278 2116 turaliter.
311 2065 385 2113 Idem.
660 2055 663 2062 ’
718 2075 778 2109 num
789 2075 809 2111 1.
820 2067 876 2113 ⁸11.
893 2064 1043 2128 Membraque
1058 2068 1100 2130 qui
1108 2067 1249 2133 servequ-

184 2146 231 2192 112
248 2141 346 2189 Littera
362 2138 471 2202 myrtetis
488 2138 618 2200 iaeiismmo]
634 2139 681 2189 Le-
718 2138 759 2186 der
775 2137 1004 2200 puerexcelsus.
1035 2143 1064 2192 si
1081 2147 1249 2197 errareride·

151 2233 210 2267 eum
223 2218 307 2281 posuit
318 2230 366 2280 pro
381 2215 443 2278 ipsis
454 2214 597 2277 arboribus,
614 2215 681 2266 siout
719 2217 762 2261 tur
784 2214 878 2277 Cerdo,
903 2214 994 2265 Servio
1015 2215 1188 2284 sabs'eribeua,
1204 2223 1248 2286 qui

150 2289 462 2354 salictumprosaiicibns.
474 2303 532 2337 nem
540 2296 680 2352 myrtetum
718 2287 831 2339 Gelonos
855 2291 968 2353 appellat
988 2292 1081 2356 pictos,
1109 2295 1169 2358 quia
1187 2296 1248 2360 atig-

151 2375 191 2417 est
203 2369 285 2417 iocus:
302 2367 380 2416 arbor
391 2381 452 2415 vero
464 2366 520 2430 ipsa
531 2372 630 2429 myrtus
639 2382 680 2416 ro·
717 2370 787 2411 mata
797 2365 947 2427 corporibus
957 2365 1043 2418 inusto
1053 2368 1161 2433 babent,
1176 2385 1248 2422 aeae-

151 2449 234 2492 cutur.
267 2442 342 2490 Idem.
717 2437 828 2488 dandum
849 2439 958 2501 rqirdrv
973 2444 1106 2506 Salmmio,
1127 2447 1172 2510 qui
1189 2461 1247 2498 oum

183 2517 291 2580 Denique
308 2516 680 2580 apertosflmchusammwub]
716 2521 832 2565 voterem
868 2517 1036 2581 interpretem
1065 2521 1105 2570 sui
1140 2523 1247 2575 obliimn

149 2593 219 2643 ilino
231 2599 280 2655 est,
297 2592 366 2656 qnod
376 2591 444 2641 vites
458 2599 545 2641 amant
556 2593 678 2642 montium
716 2589 790 2653 dixit,
807 2591 855 2643 sub
867 2594 964 2643 calcem
975 2594 1083 2644 emditoe
1095 2610 1150 2646 soe
1162 2597 1248 2662 dispo.-

149 2671 253 2721 laxiora.
288 2671 362 2720 Idem.
717 2666 927 2729 tationisp.189.
946 2669 1002 2717 heo
1017 2671 1163 2733 expromit:
1181 2673 1248 2725 Picti

181 2751 228 2797 114
253 2748 338 2808 Aspice
366 2750 390 2794 et
420 2744 541 2807 extremis]
573 2745 680 2794 Intuere
718 2741 805 2789 Geloni
816 2743 936 2806 Virgilio,
952 2751 982 2792 ut
992 2743 1135 2808 Agathyrsi.
1168 2747 1247 2799 Gela·

149 2822 380 2871 etiamextremum
397 2820 679 2869 orbemeumsoiscol-
715 2830 763 2865 nus
789 2818 856 2865 enim
879 2816 1019 2882 Agathyrsi
1040 2817 1140 2870 freter:
1170 2822 1246 2874 umbo

148 2898 247 2947 toribus
265 2895 403 2944 domitum:
430 2909 489 2943 nam
516 2894 679 2945 subaudimus
716 2891 839 2941 Herculis
857 2892 910 2943 iiiii.
946 2894 1104 2957 Stephanus:
1135 2896 1246 2957 rmnrbr,

147 2990 207 3024 cam.
241 2976 276 3023 Et
295 2988 342 3037 per
360 2973 491 3022 transitum
515 2973 679 3036 majestatem
714 2964 982 3031 «amanuensium
999 2971 1104 3018 reuereri
1119 2973 1164 3020 rori
1180 2973 1246 3036 ‘ripa

148 3052 256 3101 Romani
269 3050 357 3099 landet
369 3051 478 3113 imperii.
511 3050 586 3099 Idem.
714 3041 855 3107 subversi
863 3045 1010 3108 Ἀγαθυρσοῦ
1019 3045 1131 3108 ἀδελφοῦ.
1142 3049 1246 3100 Etsane

180 3133 227 3177 115
246 3128 350 3189 Eamque
369 3128 447 3174 nemos
465 3124 581 3188 Arabum]
615 3125 679 3176 Ara.
711 3119 789 3182 pictos
803 3122 857 3168 sire
870 3118 1036 3184 Agathyrsos,
1051 3119 1106 3169 sive
1123 3121 1245 3188 Gelonos,

147 3201 200 3263 bia,
218 3202 358 3265 Panchaia,
378 3201 527 3250 Sabaeorum
547 3215 609 3264 gens
628 3208 678 3265 est,
714 3192 782 3242 haud
800 3195 877 3244 aliter
895 3195 1062 3277 interpretari
1079 3195 1153 3258 iicet,
1170 3212 1245 3262 qoam

146 3278 215 3341 apud
232 3293 307 3341 qnam
320 3277 492 3327 tusnascitur.
509 3284 547 3340 ut,
570 3280 627 3327 solia
642 3285 678 3328 est
714 3269 1017 3335 aliq⁰⁰0⁰¹⁰f⁶f¹¹⁰⁸¹⁰b
1049 3270 1246 3335 ΕῙΘΜΜ·

40 3353 52 3362 '
146 3360 214 3402 turea
225 3355 293 3414 virga
303 3354 400 3403 Sobaer's.
433 3354 509 3414 item,
528 3355 678 3418 Totoqueta-
712 3345 857 3407 tobrigmtes
876 3347 989 3396 Senecae.
1017 3352 1044 3395 et
1064 3346 1134 3395 Picti
1154 3348 1245 3413 populi

144 3427 547 3492 riferisi’ansiqjapingaisoreqis,
561 3430 677 3494 Plautus,
713 3422 856 3473 Britanniae
883 3422 916 3470 ab
939 3422 1027 3470 eudem
1051 3423 1152 3479 ratione
1171 3423 1244 3475 dieti.

144 3503 247 3551 Arabico
258 3508 327 3551 tare..
354 3503 436 3551 Idem.
713 3500 756 3547 sie
773 3499 840 3562 pieta
856 3499 936 3561 semis,
952 3498 1081 3548 coloribus
1092 3499 1201 3564 variata,
1217 3504 1246 3550 et

177 3577 384 3640 ansqaedomos]
395 3577 677 3642 InLongobardicodo.
710 3576 783 3637 pieta
793 3575 896 3622 volueres
905 3573 974 3636 apud
985 3572 1103 3622 Paetum.
1130 3573 1245 3625 Nonne

144 3669 196 3702 nors
205 3663 298 3717 quarta
307 3653 479 3702 declinatione
487 3654 595 3717 legitur:
609 3655 677 3719 quod
712 3649 784 3697 bium
795 3655 834 3697 est
844 3649 904 3711 quin
915 3647 1026 3712 scythis,
1041 3662 1092 3696 non
1101 3646 1244 3725 'stropibus'

144 3735 173 3779 et
183 3729 251 3792 apud
261 3731 290 3776 Τ.
304 3728 407 3777 Livium
419 3730 443 3776 iu
460 3729 571 3792 antiquis
582 3728 676 3779 codici.
712 3723 875 3772 adscribendi
884 3723 936 3772 sint
948 3722 1057 3771 Geloni:
1076 3722 1139 3771 vide
1151 3724 1244 3789 Pomp.

145 3802 375 3854 ausonensium.
409 3805 514 3853 Pierios.
624 3840 626 3845 .
713 3799 901 3871 Meiam11.1.
922 3797 1144 3863 quiideopictos
1167 3796 1265 3855 mni,

176 3879 299 3942 Pietasque
311 3879 422 3941 Gelonos]
441 3879 568 3941 Stigmata
582 3879 677 3927 baben·
712 3875 810 3924 naudos
820 3880 919 3933 censet,
937 3874 1005 3938 quod
1022 3889 1049 3922 se
1060 3874 1193 3938 equosque
1203 3888 1244 3923 ve·

144 3961 199 4003 tes:
228 3956 315 4017 popuii
338 3954 471 4016 Scythiae:
504 3961 543 4016 ut,
572 3955 676 4017 pinique
713 3949 1244 4012 iuverintcutibnsbostiom,sedet'bsuo

143 4030 285 4092 Agathyrsi.
318 4030 434 4078 Servius.
712 4027 865 4076 sententium
876 4027 1000 4089 rejectum
1012 4024 1245 4075 videbisaSaima·

177 4103 208 4151 P.
222 4103 332 4168 Gelonos]
364 4105 449 4155 Notat
470 4103 570 4166 plagam
586 4104 674 4153 mundi
712 4102 759 4166 sio,
772 4117 851 4165 supra
861 4103 942 4152 citato
952 4103 1018 4150 loco.
1052 4101 1198 4150 emm.

142 4176 385 4242 septentrionalem.
403 4186 464 4230 suut
480 4186 566 4231 autem
578 4181 673 4246 Gerasi,
745 4181 793 4228 lld
808 4177 901 4228 Dirisoe
916 4176 1038 4227 arboribus
1051 4175 1156 4242 patric]
1169 4174 1245 4242 Regi-
