2744 4696
482 337 626 386 vinem.
671 335 805 384 quoue.
828 335 879 383 ιν.
1145 320 1231 387 aton

130 498 161 542 pa
180 477 321 543 rrprfldxtter
339 477 440 528 rudior:
458 478 534 527 valete
543 478 605 541 jam,
626 492 663 526 me
700 477 802 526 miratio
811 476 993 541 conjungitur:
1011 477 1233 542 ‘quemprimnm,

129 556 275 605 mearant
286 554 396 603 tenehroe.
410 554 488 604 Ovid.
499 570 552 603 reru
561 553 664 618 Virgilii
701 568 776 617 quem
788 560 945 616 postremum
963 567 1054 616 aspera
1070 554 1142 616 virgo
1158 555 1233 619 Deji·

130 631 186 680 ita:
203 631 423 693 ‘Supremumque
441 631 506 692 vale,
527 631 593 693 quod
609 631 662 692 jam
700 628 760 676 cisi'
783 629 844 679 dam
864 629 1003 690 dubitatio,
1020 635 1049 676 ut
1065 629 1091 676 in
1103 630 1231 681 hocloco.

130 706 290 756 vixnurihns
302 706 345 754 ille
357 704 506 768 Acciperet,
522 705 605 754 dixit:
624 721 663 754 re·
702 706 787 753 Cerdn.

129 789 274 846 vocataque
284 796 371 830 rursus
380 783 469 830 eodem
479 782 536 831 est!
554 785 590 832 Ut
602 796 663 831 vero
733 781 813 844 Rupta
824 780 870 846 oo]
881 781 1005 830 Nonnulli
1015 787 1116 829 veteres
1124 779 1230 830 codices

129 859 230 908 Noster
241 862 339 917 norton,
352 872 398 920 pro
413 856 526 906 tenebris
537 873 595 921 qua:
606 856 664 905 sub·
701 859 799 921 legunt,
810 872 854 921 quo
864 872 889 906 se
897 858 936 906 iria
945 863 1015 921 rapta
1025 857 1129 919 unijuge,
1138 862 1167 905 ut
1177 856 1229 906 evi-

129 933 248 982 orinntur
269 934 295 981 in
321 934 400 981 oculis
425 933 597 994 morientium,
626 933 664 980 ita
700 940 788 983 tarent
801 947 890 982 vocem
900 935 926 982 in
936 933 1127 982 continuatione
1136 946 1232 982 sermo·

132 1008 223 1058 Calah.
235 1010 254 1057 l.
265 1023 308 1058 111.
329 1008 389 1070 ἀμφὶ
407 1009 434 1057 st
453 1026 493 1069 μιν
511 1008 550 1070 νὺξ
565 1007 662 1072 pappo.
700 1010 750 1070 nis,
764 1024 820 1072 quae
832 1009 972 1058 communis
984 1012 1023 1058 est
1042 1025 1100 1058 cum
1118 1009 1233 1072 ruptariis,

132 1087 218 1134 Gerdu.
379 1122 387 1138 Ι
587 1094 588 1099 ’
700 1088 805 1148 aRnpto
817 1091 899 1148 raptor
905 1102 915 1143 ,·
931 1087 976 1134 sed
985 1086 1187 1149 monosyllabum
1195 1085 1233 1134 hia

131 1205 134 1210 .
165 1162 505 1224 4981nnalidurpolrrtos]1n
516 1162 663 1212 umbrante·
699 1160 899 1224 plerisyllabiois
918 1161 968 1209 illis
988 1160 1136 1210 dictionibis
1153 1161 1232 1210 inter·

131 1237 257 1286 unitatem
270 1238 397 1287 reductas.
430 1239 534 1288 Seruius.
696 1236 807 1299 jectum,
819 1235 972 1307 modulatius
984 1235 1088 1285 videtur
1098 1235 1232 1285 adsonare.

166 1314 224 1362 Heu
234 1329 279 1362 nort
290 1314 342 1375 tao]
349 1315 416 1366 Quia
427 1314 587 1377 supradixit,
598 1315 664 1364 ‘Em
700 1312 803 1360 Pierias.

132 1388 290 1453 rydicenque
302 1404 373 1438 suam
386 1391 458 1453 jam)
492 1391 566 1440 idern.
733 1388 780 1436 Bis
795 1390 876 1452 raptu]
896 1389 955 1437 Hoc
976 1388 1054 1437 Ouid.
1074 1389 1183 1437 Metam.
1204 1400 1232 1437 x.

166 1465 242 1518 imai.
262 1466 291 1514 ti.
313 1469 377 1514 tend.
397 1467 442 1514 lieu
457 1481 503 1514 oon
521 1472 563 1515 tiro
579 1465 664 1528 polim]
699 1463 821 1525 ‘gemina
832 1463 912 1524 uece,'
933 1463 1006 1512 dixit.
1027 1464 1062 1510 Et
1072 1463 1151 1512 Trist.
1162 1475 1201 1512 ιν.
1213 1476 1233 1513 1.

133 1541 284 1603 Respondet
290 1542 350 1589 huic
360 1544 417 1589 loco
426 1542 470 1589 ille
479 1542 611 1604 Propertii
618 1543 635 1591 l.
643 1556 663 1590 ι.
700 1539 758 1586 ‘his
770 1541 862 1586 amissa
873 1537 999 1601 conjoge?
1034 1539 1119 1586 Cerdo.

131 1615 200 1664 ‘Sed
213 1617 320 1679 cupidus
336 1616 406 1666 falsis
423 1618 552 1679 attingere
572 1618 664 1681 gandia
733 1619 780 1663 505
802 1615 854 1669 Quo
869 1615 934 1676 stetu
958 1615 1049 1673 olona,
1070 1628 1116 1675 quo
1137 1613 1234 1661 nomino

133 1692 234 1754 palmis.
256 1693 382 1741 Thessalis
405 1693 536 1756 antiquam
559 1699 664 1742 venerat
700 1706 752 1738 noce
771 1691 883 1752 moneret]
902 1691 933 1737 ln
956 1691 1069 1738 Romano
1089 1689 1179 1738 codice
1199 1688 1235 1738 le-

133 1766 225 1815 umbra
236 1767 356 1817 domum!
389 1769 531 1817 Germanus.
701 1782 762 1830 gere
778 1775 835 1816 est:
856 1768 919 1822 Quos
928 1766 992 1830 fleta
1013 1767 1104 1826 Mortis,
1119 1781 1170 1828 qnoe
1189 1780 1235 1813 ou·

166 1846 215 1890 50⁰
232 1842 309 1903 Fugit
328 1845 431 1907 dinnao]
451 1842 484 1891 Id
500 1849 549 1906 est,
569 1857 617 1905 per
628 1843 665 1890 di·
699 1846 765 1900 mirra
784 1845 838 1893 noce
856 1843 978 1893 moveret?
994 1857 1051 1891 narn
1071 1843 1109 1890 illi
1124 1841 1234 1904 amplius

133 1929 218 1965 versa.
251 1917 355 1967 Semina
701 1920 970 1981 adeundinonerant‚
990 1935 1004 1968 n
1022 1918 1114 1983 quihus
1130 1915 1234 1976 durissi·

166 1996 213 2041 501
246 1993 402 2047 Prensorrtem
439 1992 545 2054 umbros]
584 1992 664 2042 Ovid.
701 2011 749 2044 mm
785 1996 941 2046 conditionis
976 1996 1045 2056 leges
1083 1998 1232 2055 acceperat.

133 2067 141 2094 ‘
154 2067 297 2131 prendique
309 2075 336 2119 et
347 2070 474 2132 prendere
486 2076 597 2134 certans,
607 2072 665 2118 &c.'
702 2072 854 2136 Quanquam
866 2087 915 2120 non
927 2071 1062 2133 displiceat
1071 2069 1191 2133 proficis,
1206 2072 1234 2118 et

138 2144 279 2194 Toubomorr.
701 2163 817 2210 quaerore.
850 2148 961 2196 Pierius.

167 2224 215 2269 ⁵02
227 2219 360 2282 Praetereo]
371 2221 466 2269 Postea
479 2226 516 2281 ut,
534 2221 588 2269 ‘Et
599 2219 666 2283 quis·
734 2228 781 2273 sot
802 2222 907 2286 &meod
931 2223 974 2271 Ita
994 2228 1071 2284 anget
1090 2221 1175 2271 Polite
1190 2235 1232 2271 cs·

134 2309 211 2359 quam
232 2309 326 2344 numen
351 2295 463 2346 Junohis,
485 2296 576 2344 adoret
597 2295 667 2343 Prae·
701 2299 853 2357 mitatem,
866 2313 941 2362 quam
954 2297 1087 2347 describit.
1104 2297 1234 2347 Beneita·

135 2370 233 2424 tereal’
267 2371 370 2420 Seruius.
702 2388 752 2437 qne
765 2373 883 2422 Macrob.
899 2377 973 2420 rv.3.
1007 2373 1147 2434 ‘Orpheus
1160 2371 1234 2420 mise*-

127 2459 129 2463 “
167 2446 301 2509 Praetereo]
312 2447 456 2508 Praeterea,
467 2446 544 2495 ultra.
577 2445 644 2494 Phil.
702 2449 790 2497 rabilis
801 2449 919 2509 exlongo
931 2448 1037 2495 dolore:
1056 2448 1116 2496 Non
1128 2445 1235 2494 dissidet

168 2521 277 2570 Portitor
300 2522 370 2585 Oroi]
397 2522 440 2570 lta
466 2535 482 2567 a
500 2522 604 2570 Lucano
627 2533 666 2568 vs.
702 2523 734 2572 alr
746 2525 795 2572 hoc
807 2524 864 2572 loco
882 2523 1034 2585 poenitentia
1046 2522 1147 2572 Cereris
1160 2536 1236 2584 prop·

135 2595 237 2646 Charon
248 2603 372 2647 vocatur:
389 2594 537 2657 ‘flagrantis
555 2596 667 2660 portitor
703 2606 745 2649 ter
756 2607 858 2662 raptam
869 2597 956 2660 filiam,
965 2597 997 2645 de
1009 2612 1060 2660 qua
1072 2596 1151 2646 Ovid.
1160 2597 1234 2646 Fast.

131 2670 227 2722 ,1111ᾶωῖ
260 2673 295 2720 Et
311 2687 326 2720 a
344 2672 409 2734 Pup.
429 2672 510 2720 Theb·
529 2684 581 2719 ¹11·
602 2671 666 2719 ‘Ire-
703 2682 741 2724 1'v.
757 2676 829 2724 ‘Sub
841 2676 907 2725 Jove
917 2672 1018 2721 duravit
1030 2671 1117 2721 multis
1129 2670 1235 2719 immota

135 2745 197 2795 thaei
207 2746 321 2810 portitor
331 2747 429 2796 amnis?
461 2749 497 2797 Et
514 2747 546 2795 ah
562 2746 667 2795 Albino-
704 2753 803 2814 diebus,
818 2754 853 2800 Et
864 2754 944 2801 Lunae
957 2750 1068 2814 patiens,
1079 2756 1106 2799 et
1117 2748 1234 2812 pluvialis

135 2836 202 2871 vano
224 2824 256 2872 ad
276 2824 385 2885 Liviam,
405 2822 515 2871 ‘avarus
539 2821 668 2886 portitor!
704 2829 795 2894 ψῃ]
823 2829 908 2877 Cerdo.

137 2899 224 2950 Cerdo·
737 2906 779 2954 Ex
789 2906 881 2968 ordine]
892 2905 952 2954 Sine
960 2902 1157 2952 intermissione.
1168 2901 1234 2950 Sero.

169 2975 279 3024 Portitor
290 2973 358 3036 Oroi]
370 2973 495 3025 Definitio
504 2980 545 3024 est
554 2974 666 3023 Charon·
737 2982 780 3030 Ex
790 2980 882 3042 ordine]
892 2982 997 3042 Ἐφεξῆς.
1008 2981 1051 3028 De
1062 2980 1110 3027 hac
1119 2977 1237 3040 emphasi

137 3050 186 3100 tis:
204 3051 237 3100 de
253 3066 304 3116 quo
320 3057 396 3100 sexto
414 3051 515 3100 AEneid.
532 3050 667 3099 ‘Portitor
705 3058 991 3121 scalig.p0tjt,1v,at,
1028 3056 1171 3104 Taurinam.

135 3126 182 3175 has
192 3126 332 3176 horrendus
353 3142 431 3190 aquas
452 3133 480 3174 et
496 3124 602 3174 flumina
618 3132 668 3174 tra·
737 3133 830 3195 Septem
841 3133 907 3180 {uum
917 3136 985 3191 totos,
998 3131 1050 3192 nso]
1070 3129 1187 3190 Hebraei,
1206 3135 1237 3182 ut

135 3207 192 3264 Mt,
203 3202 327 3251 Hol'ribili
337 3204 465 3267 1111111011,
478 3201 596 3250 Charon!
619 3200 668 3248 0¹·
705 3215 733 3258 et
743 3209 868 3272 AEgyptii,
873 3215 973 3270 septem
983 3221 1030 3268 pro
1038 3205 1164 3269 pluribus,
1173 3203 1237 3254 item

136 3292 183 3327 cns
201 3285 240 3327 est
257 3277 349 3328 fluvius
359 3279 504 3341 messana,
523 3276 630 3326 influens
642 3277 666 3323 in
705 3300 791 3348 prore
802 3285 899 3346 pluries
908 3282 1021 3344 repetita
1032 3286 1140 3342 ponunt.
1151 3278 1158 3305 ‘
1168 3279 1237 3329 Redr

136 3354 262 3417 Peneum,
279 3354 324 3404 sed
337 3355 387 3403 olei
399 3355 480 3403 instar
490 3359 668 3416 supernatans,
705 3360 738 3410 de
751 3360 840 3408 vicinis
851 3358 945 3407 vesnia
957 3357 1104 3418 septuplum
1115 3354 1143 3402 in
1154 3354 1241 3404 sinum·

136 3427 262 3493 brevique
274 3432 358 3492 spatio
369 3430 512 3492 abdicatus,
520 3437 549 3479 ut
560 3429 667 3479 Homer·
705 3434 812 3484 eorum!
837 3434 1032 3495 chrysostomus
1044 3432 1146 3481 actione
1158 3430 1184 3479 in
1192 3429 1238 3482 Ju-

135 3505 228 3557 scrihit
239 3505 317 3555 iliad.
329 3520 360 3555 ιι.
396 3507 492 3554 Romus.
705 3510 774 3559 daeos
786 3524 812 3559 v.
823 3510 862 3558 ait
873 3508 1046 3572 septenarium
1062 3520 1194 3555 numerum
1210 3504 1237 3553 in

132 3628 135 3631 .
169 3581 551 3644 503Amplittsobjectnmpssnun
567 3578 669 3629 tramite
706 3585 800 3634 divinis
826 3585 907 3634 literis
933 3585 1039 3633 infinitae
1066 3580 1237 3631 multitudiuis

131 3660 254 3723 paludem]
273 3661 415 3723 Mysticunr
433 3667 482 3708 est.
516 3658 621 3706 Dicitur
644 3671 669 3704 e·
706 3659 806 3723 signum
827 3661 933 3708 habere.
977 3660 1012 3706 Et
1033 3658 1070 3704 tta
1091 3655 1160 3704 forte
1187 3654 1236 3703 hoc

82 3786 90 3794 ‚
135 3734 188 3783 nim
201 3734 240 3783 bis
252 3734 360 3782 eandem
373 3734 489 3783 umbram
500 3733 605 3783 evocari
618 3747 669 3782 non
706 3737 876 3799 virgilianum
886 3732 1065 3796 accipiendum
1075 3750 1082 3791 ;
1094 3736 1122 3778 ut
1131 3736 1158 3778 et
1166 3729 1237 3790 alibi,

135 3809 225 3859 licere.
259 3810 363 3858 Seruius.
706 3812 820 3861 immunia
832 3816 919 3873 septem
928 3816 996 3870 terga
1004 3808 1080 3869 boam,
1091 3813 1119 3856 et
1128 3805 1177 3854 alia
1185 3806 1241 3868 ple·

149 3889 218 3933 not
240 3885 304 3939 Quid
323 3882 428 3945 faceret]
448 3882 582 3945 Expendit
601 3883 669 3930 hunc
706 3900 796 3949 raque.
831 3885 937 3933 Pierios.

135 3961 231 4022 locum,
246 3967 274 4008 et
293 3960 386 4008 similia
404 3959 517 4020 Scaliger
533 3958 608 4007 Poet.
626 3972 670 4008 ιιι.
739 3965 787 4010 608
806 3959 897 4020 seria]
914 3960 980 4010 Quae
1000 3957 1033 4006 sit
1051 3956 1137 4005 vicine
1152 3955 1237 4006 astris.

132 4025 180 4084 ⁴2⁷.
213 4036 282 4083 Nam
301 4035 328 4083 in
346 4034 457 4096 Virgilio
474 4033 531 4096 jam
553 4040 593 4080 est
612 4034 671 4082 sitn-
706 4037 827 4097 Strymon
849 4040 936 4082 autem
962 4032 1043 4081 amnis
1071 4036 1119 4092 est,
1145 4027 1237 4078 finiens
1274 4057 1275 4063 =

137 4111 200 4172 plex
210 4109 396 4172 interrogatio:
413 4108 493 4173 ‘qnid
506 4109 616 4172 primum
627 4109 670 4158 de·
706 4109 851 4172 Thraciam,
859 4108 905 4159 sed
916 4108 957 4158 hic
968 4121 1016 4172 pro
1028 4107 1119 4157 Hebro
1125 4103 1236 4169 ,podium

135 4180 338 4254 ,sertaquerari'
354 4188 414 4241 Jam
423 4185 670 4251 interrogationiad·
707 4184 818 4246 Philorg.
982 4254 985 4268 f
