2744 4696
447 228 466 255 Ο

131 304 222 371 216⁰
484 321 592 370 noun
615 319 817 370 vanioaun
841 320 882 370 ru

134 462 337 522 Unde,vocalem
356 467 453 513 temere
472 463 596 514 insecutae
615 462 665 514 Or·
737 464 860 527 Cimona]
887 461 1000 515 'llrraces
1021 465 1142 516 mulieres
1167 470 1243 530 aunt,

133 539 301 604 pheaoilva!
335 540 421 589 Cerdo.
704 555 759 604 qun
778 541 811 590 ab
831 541 936 604 Orpheo
951 547 1056 604 spretae,
1075 535 1242 606 discerpsere

169 617 312 675 Tanaimque
333 615 445 679 nicalem]
467 615 584 664 Fluvium
603 615 666 679 Scy·
703 632 762 666 enm
774 632 820 680 per
831 618 918 666 Liberi
930 632 1004 666 sacra
1016 618 1145 666 simulata.
1168 617 1239 667 Sere.

134 692 204 741 tbiae.
238 691 342 740 Servios.
737 692 860 755 Ciconum]
879 695 977 742 Cicones
995 709 1058 753 uene
1076 695 1207 755 Thraciae,
1222 708 1244 742 a

169 768 324 830 Tanaimque]
346 769 435 817 Tanais
447 766 549 829 fluvius,
569 768 613 833 qni
630 767 666 816 di·
704 770 810 827 Cicone,
818 770 944 833 Apollinis
952 769 1014 832 filio,
1021 771 1101 819 dicta.
1117 769 1242 833 Orpheus

133 845 201 894 vidit
224 843 309 892 Asiam
331 844 364 892 ab
386 846 504 908 Europa:
525 851 664 894 citantem
704 853 790 893 antem
802 846 920 908 quoniam
942 853 1000 908 post
1018 847 1119 895 obitum
1130 845 1242 908 Eurydia

41 922 49 932 ''
134 921 256 983 Scythiae.
292 921 402 979 Pbilarg.
704 934 844 968 aesomnes
856 919 962 970 feminas
975 921 1096 981 fastidiit,
1115 924 1242 970 translato

170 997 312 1058 Tanaimque
328 994 438 1056 aioabm]
455 995 493 1042 Ea
503 991 587 1043 forma
599 994 665 1046 llor.
704 995 729 1042 in
742 1009 834 1056 pueros
847 1010 942 1058 amore,
960 984 1109 1059 discerptus
1119 1003 1169 1047 est.
1190 995 1239 1046 Aa·

135 1072 178 1122 od.
199 1085 241 1120 111.
263 1076 303 1120 2³.
324 1070 436 1133 ‘Algido
457 1067 550 1118 nivali!
573 1070 664 1120 Claud.
704 1084 761 1131 per,
778 1085 822 1132 ouo
838 1085 941 1132 manere,
960 1071 995 1120 ob
1007 1086 1085 1135 quarn
1099 1072 1238 1135 rem,'vult

136 1148 250 1210 Epithal.
269 1147 375 1195 ‘nivalis
386 1145 511 1195 cancul!
531 1146 597 1210 Pap.
615 1146 665 1195 Th.
704 1144 804 1206 accipi:
822 1152 908 1204 potest
919 1152 955 1208 et,
971 1146 1067 1210 Spretoe
1081 1164 1124 1210 qao
1137 1162 1234 1211 mame,

134 1235 177 1271 nr.
199 1224 325 1270 ‘nivalem
348 1220 469 1283 Othryn!
503 1221 536 1268 Et
566 1227 604 1268 vr.
633 1219 665 1269 de
704 1218 730 1267 id
741 1219 961 1281 est,matrimonil.
994 1221 1108 1284 Philarg.

137 1297 228 1361 Cygno
240 1312 323 1361 equo:
341 1299 476 1360 ‘Cygnum
488 1295 614 1345 nivalem?
631 1297 666 1344 Et
738 1295 791 1349 Quo
810 1309 905 1342 munere
921 1295 1019 1358 matres]
1037 1297 1158 1362 Nuptiali
1173 1297 1233 1347 scili·

135 1386 186 1423 ιιι.
197 1375 205 1402 ‘
216 1374 357 1436 Scythiam,
368 1373 530 1436 Pontumque
538 1370 665 1420 nivalem!
705 1377 757 1419 cet.
790 1370 895 1419 Semina

136 1448 214 1500 Ovid.
231 1449 264 1498 de
276 1451 353 1498 Pont.
366 1462 404 1496 ιν.
423 1446 487 1496 ‘sub
505 1446 582 1494 nivali
601 1445 666 1493 axe!
736 1450 784 1496 tal
813 1448 880 1496 Inter
900 1463 968 1497 sacru
987 1449 1079 1514 Deam]
1108 1451 1231 1516 Expendit

134 1524 176 1574 lta
186 1532 214 1574 et
226 1525 322 1581 Graci,
334 1537 392 1571 nam
405 1523 481 1572 Hom.
501 1520 583 1582 τμόλῳ
602 1520 667 1582 νιφέ-
703 1523 1065 1575 istnmlocumltlacrob.1v.
1084 1531 1109 1576 8.
1145 1529 1232 1577 Numa

135 1617 197 1648 ma:
217 1601 363 1662 etSoplioc.
380 1599 467 1662 OEdip.
486 1597 596 1659 νιφόιντα
611 1615 667 1660 παρ-
704 1598 761 1648 loco
772 1613 845 1647 sacro
856 1600 922 1649 solet
938 1599 1023 1648 Poeta
1031 1602 1151 1650 excitare
1164 1599 1232 1652 affec·

135 1674 230 1726 κισσόν.
265 1677 350 1724 Cerdo.
704 1679 767 1720 tunt.
802 1672 845 1722 Ita
855 1673 881 1721 in
898 1675 1031 1722 eversione
1042 1675 1146 1737 Trojae:
1163 1677 1232 1740 ‘per-

168 1755 216 1799 518
229 1752 355 1813 Nunquam
366 1750 462 1799 uiduata
474 1749 578 1813 pruinis]
597 1737 667 1799 Sem·
704 1762 754 1810 que
765 1746 863 1808 domos,
881 1752 908 1796 et
920 1748 1050 1811 relligiosa
1064 1750 1183 1798 Deorum
1197 1749 1232 1799 Il·

135 1840 183 1890 per
194 1826 295 1875 nivibus
307 1827 391 1888 plana.
425 1825 529 1873 Servius.
704 1821 791 1869 mina!
824 1823 858 1871 Et
870 1821 1014 1872 Cassandra
1030 1825 1142 1873 trahitur
1153 1825 1233 1874 vincta

172 1900 283 1964 l'idaata]
300 1900 439 1949 Veteribus
449 1901 545 1948 viduare
556 1897 605 1947 fult
618 1898 667 1961 pri·
704 1895 737 1944 ab
758 1898 837 1960 adyta
864 1898 989 1949 Minerva.
1039 1899 1122 1965 Alius,
1144 1903 1244 1957 ‘Divae⁸

135 1991 206 2024 varo.
240 1976 332 2039 ltaque
344 1977 393 2023 loca
405 1990 450 2022 roa
461 1975 558 2023 uiduata
564 1974 666 2037 prorata,
704 1969 892 2033 Armipotentis
920 1973 953 2022 ad
981 1988 1053 2024 arem
1075 1975 1234 2027 Procubuit!

135 2057 203 2112 suut,
214 2065 264 2099 non
276 2051 386 2114 privata.
421 2049 494 2098 Sicut
505 2050 530 2097 in
543 2050 608 2111 Pap.
618 2050 666 2099 Tb.
707 2046 792 2095 cerda.

135 2139 163 2175 x.
184 2127 263 2174 oiduoe
290 2125 463 2174 moderantibus
484 2126 543 2184 alai,
571 2125 596 2171 id
618 2132 668 2188 est,
739 2121 993 2186 Nocturniqnerrgio]
1010 2125 1165 2176 ouiasacra
1182 2128 1233 2190 ejus

135 2215 214 2250 naves
226 2200 333 2263 privatas
345 2199 558 2248 moderatoribus.
571 2201 605 2248 Et
614 2200 666 2249 lio
704 2206 780 2246 nocte
801 2199 982 2248 celebrantur:
1000 2214 1033 2248 ex
1047 2215 1097 2265 quo
1117 2202 1235 2265 Nyuetia

135 2283 186 2325 rat.
198 2276 239 2324 od.
252 2290 271 2323 1.
285 2280 324 2324 10.
339 2275 447 2324 ‘viduus
460 2275 580 2337 pharetra
589 2275 667 2338 Apol·
704 2282 744 2322 est
760 2275 960 2335 cognominatus.
994 2276 1107 2337 Piinrg.

135 2350 178 2400 lo.'
212 2351 276 2399 Inde
288 2356 336 2410 est,
354 2358 382 2398 ut
404 2364 461 2412 qum
482 2351 550 2398 viros
570 2349 666 2398 liabent
737 2349 908 2414 Nocturniqne]
935 2350 966 2399 In
987 2352 1121 2400 codicibus
1142 2353 1234 2418 aliquot

135 2427 295 2490 superstites,
317 2426 336 2473 si
357 2425 392 2473 illi
413 2432 497 2473 tamen
517 2425 611 2483 absint,
629 2425 666 2474 di·
704 2425 824 2488 antiquis,
843 2426 996 2489 noctemque
1007 2427 1112 2490 legitur,
1132 2442 1180 2492 per
1195 2430 1235 2491 by·

135 2509 227 2554 cantur
247 2503 324 2550 etiam
345 2503 436 2561 vidum,
461 2501 528 2564 quod
551 2515 583 2548 ex
605 2503 664 2550 Scn.
705 2501 839 2564 pallagen:
859 2503 973 2566 quamvis
985 2504 1102 2551 nonnulli
1120 2519 1154 2552 ex
1174 2505 1234 2567 perl-

135 2579 214 2628 ovid.
226 2578 312 2627 Plaut.
326 2577 418 2640 probat
428 2584 516 2625 noster
527 2578 630 2626 Dclrius
640 2578 666 2625 iu
704 2577 812 2626 tioribus
821 2583 935 2626 immania
945 2579 1109 2641 receperint:
1129 2595 1179 2643 qua
1189 2579 1234 2628 lec·

135 2654 231 2703 Troad.
247 2654 359 2716 (Quibus
377 2654 458 2715 possis
477 2653 617 2715 adjungere
630 2654 665 2702 0-
705 2652 774 2701 tione
787 2654 856 2701 nulia
866 2652 912 2702 lict
924 2654 1023 2703 collisio
1039 2654 1066 2701 in
1081 2660 1234 2720 mannaque

135 2729 188 2777 vid.
206 2729 231 2776 ln
252 2726 380 2790 epistolis)
402 2742 451 2776 non
464 2728 543 2775 solinu
555 2744 610 2791 qum
624 2729 666 2775 lia·
703 2729 780 2788 orgia.
804 2730 870 2778 Sane
881 2729 976 2777 veroin
990 2730 1123 2795 Mediceo,
1133 2731 1247 2798 nocturni

135 2803 198 2852 bent
210 2803 278 2850 viros
290 2801 436 2850 defunctos.
471 2803 666 2865 Quinipsaemet
703 2805 887 2868 scriptumest.
921 2806 1025 2854 Pieriae.

134 2877 247 2939 virgines
261 2877 338 2925 riduae
355 2879 476 2926 dicuutur
487 2878 519 2925 ab
531 2880 629 2927 Seneca
640 2879 666 2928 in
737 2881 899 2943 Noctumiqite
919 2882 987 2941 orgia
1000 2883 1103 2948 Barcini]
1133 2885 1233 2940 Pulcre,

131 2952 285 3016 Agamemn.
306 2955 364 3002 vide
383 2956 455 3004 Deir.
475 2970 549 3003 versu
570 2961 625 3007 195.
639 2963 666 3005 et
702 2971 760 3004 nam
783 2957 865 3019 Orgia
886 2959 926 3020 (ut
946 2959 1021 3005 multi
1042 2960 1144 3021 volunt)
1165 2961 1233 3010 dicta

133 3029 160 3078 in
171 3031 264 3079 Troau.
277 3046 313 3078 vs.
327 3036 365 3080 14.
402 3032 486 3080 Cerdo.
703 3031 766 3093 παρὰ
776 3034 819 3088 τῆς
834 3031 913 3094 ὀργῆς.
947 3032 1040 3095 ltaque
1059 3034 1084 3080 iu
1102 3034 1191 3083 insano
1201 3049 1234 3083 sa·

171 3104 273 3154 Vidnata
302 3105 406 3168 pruinis]
425 3108 533 3169 Semper
556 3108 666 3157 aubibus
703 3121 749 3155 cro
765 3114 872 3170 peracta
891 3107 970 3155 caedis
987 3108 1112 3170 Orphicae
1132 3110 1232 3158 insania.

135 3181 225 3245 plena:
244 3183 271 3230 S.
284 3182 381 3231 Culex:
400 3185 407 3209 ⁶
418 3184 503 3246 Cogor
512 3184 584 3231 adire
596 3185 666 3232 lacus
702 3182 762 3231 Scio
773 3183 805 3231 ab
818 3181 874 3231 aliis
884 3182 977 3230 deduci
987 3181 1034 3230 dub
1045 3187 1093 3230 τῶν
1102 3182 1169 3247 ὅρων,
1180 3184 1234 3250 quia

133 3256 222 3305 viduos
241 3273 255 3304 a
275 3258 369 3306 lumine
382 3258 489 3306 Plioebi.'
513 3260 545 3306 V.
559 3258 593 3306 N.
608 3259 665 3309 AEn.
702 3256 728 3304 in
740 3257 868 3306 montibus
881 3272 954 3305 sacra
972 3257 1021 3306 ista
1043 3259 1187 3323 plerunque
1198 3272 1234 3308 ce·

133 3344 195 3378 vui.
207 3337 263 3380 571.
302 3333 445 3382 Taubmaun.
702 3333 877 3383 lebrabautur.
911 3333 986 3382 Unde
1004 3342 1032 3383 et
1046 3336 1166 3384 Bacchus
1183 3336 1233 3398 ipse

165 3409 213 3453 519
237 3406 323 3468 Irrita]
350 3408 467 3456 Solemne
495 3408 601 3456 verbum
628 3423 666 3458 sa·
703 3408 882 3471 bperosdictus.
917 3409 1026 3459 Abaliis
1036 3409 1083 3458 barb
1091 3412 1136 3458 τοῦ
1146 3412 1234 3474 εἵργειν,

132 3492 244 3541 crorum,
253 3481 344 3543 quibus
353 3484 425 3530 irrita
435 3483 597 3545 dicebantur,
607 3499 663 3547 quae
702 3486 731 3533 ab
743 3489 850 3548 arcendo,
868 3485 935 3548 quod
947 3485 979 3533 ab
991 3485 1032 3532 his
1044 3487 1126 3534 sacris
1138 3486 1233 3549 profani

132 3553 234 3616 fierent,
262 3556 415 3606 adversante
439 3559 558 3619 Numine,
580 3573 665 3623 neque
703 3568 861 3609 arcerentur.
912 3560 943 3608 ln
969 3560 1008 3608 his
1038 3567 1079 3610 est
1104 3563 1234 3625 Interpra

131 3637 296 3692 acceptante.
323 3632 666 3684 SicOvid.ltlet.v11.tba-
703 3637 853 3698 Apolloni.
869 3651 889 3684 1.
925 3636 1233 3687 Accinitversusveteris

130 3721 159 3754 ro
179 3706 251 3755 irrito
273 3708 346 3755 dixit.
382 3709 454 3756 Idem
473 3710 505 3758 de
530 3725 556 3759 re
574 3712 664 3760 Poetae
704 3711 1232 3775 Pobtae,quemadvocatClemensStrom.

130 3782 238 3845 loquens
258 3785 323 3832 litet.
341 3797 368 3831 ιι.
380 3785 454 3833 irrito
465 3788 534 3834 douo.
569 3786 667 3834 Abnuit
705 3788 721 3836 l.
734 3800 773 3834 ιν.
785 3790 792 3813 ⁶
804 3788 907 3834 Arcana
920 3800 971 3833 non
983 3787 1179 3836 Bacchantibus
1190 3788 1234 3837 sci·

132 3858 201 3906 enim
214 3859 302 3918 Pluto,
315 3875 370 3922 quim
385 3868 557 3909 concesserat.
581 3863 667 3910 Corda
704 3877 732 3910 re
744 3862 811 3909 baud
822 3861 902 3910 licet.’
935 3861 987 3910 Sed
1004 3876 1063 3924 qnae
1079 3863 1162 3926 Orgia
1173 3864 1234 3911 cele·

163 3938 211 3982 520
234 3935 336 3998 Spreta]
365 3936 472 3998 Aliquot
497 3938 596 4000 antiqui
625 3952 667 3986 co·
703 3938 1051 4001 britatesBacchi,bocuar²
1065 3940 1165 4001 ἐξιχήνι
1180 3955 1234 3988 narn

107 4041 114 4053 ,
130 4008 202 4059 dices
219 4016 297 4072 spreto
314 4013 412 4074 legunt,
432 4021 461 4061 ut
473 4014 515 4074 sit,
527 4015 622 4077 spretis
634 4013 667 4062 ab
704 4014 781 4062 etiam
798 4016 912 4062 Deorum
931 4015 1043 4063 omnium
1064 4017 1234 4076 celebritates,

131 4084 238 4147 Orpheo
247 4086 351 4148 nuptiis.
379 4087 483 4136 Servius
492 4089 667 4154 mavult,spre-
705 4089 848 4138 dictasunt
860 4090 947 4152 Orgia.
965 4090 1039 4139 Serv.
1056 4091 1116 4140 AEn.
1128 4106 1165 4141 av.
1176 4093 1183 4118 ‘
1193 4091 1236 4138 Sa·

130 4162 163 4207 toe
178 4164 274 4211 matres.
311 4161 421 4213 Pierius.
704 4163 1235 4228 nesciendum,0rgiaapudGroecosdici
