2744 4696
136 315 222 380 1870
484 308 591 378 norm
615 329 817 378 vanioauss
846 329 886 377 ru

135 469 161 516 iu
173 465 330 529 Originibus,
346 481 394 530 per
405 467 538 530 sexaginta
548 467 663 518 extendi·
698 467 823 530 Scaligeri
834 465 920 516 multis
930 466 1077 519 veteribus:
1098 464 1197 518 centn
1219 465 1222 468 ⁴

136 551 177 592 tur
187 542 275 591 millia.
311 543 343 589 Et
356 542 446 590 Larius
457 542 520 590 Lari
530 543 662 592 vocativus
731 547 777 592 ldl
789 546 961 592 Annumoress
967 541 1070 606 mulus?
1083 540 1237 608 Iuerinpse'

135 616 208 678 facit,
229 617 298 665 sicut
323 617 404 666 Iulius
431 617 492 679 Iuli,
517 618 662 667 Mercurius
697 618 903 680 miccinam]
935 618 1147 682 lnBaja'nosinu
1158 614 1239 673 eam

136 692 258 743 Mercuri.
285 691 388 740 Seruius.
699 692 893 755 paniae,eontrs
910 693 1077 742 Puteolanam
1096 685 1245 747 civitatem·

169 768 201 816 l's
210 767 270 816 lari
282 769 464 830 maximumque
473 767 662 831 nonomen]
697 768 769 816 lacus
777 775 837 816 suut
845 768 904 831 duo,
913 767 1041 829 Avernus,
1050 774 1078 818 et
1088 767 1233 830 Lucrinum

135 842 251 906 Uterque
268 843 338 890 lacus
354 849 394 890 est
410 843 436 890 iu
456 842 542 891 ltalia.
574 842 663 891 larius
699 845 742 908 qui
768 845 828 894 olim
855 851 965 908 propter
991 843 1092 908 cupiam
1120 845 1233 909 piw'lm

135 917 245 966 Umbros
266 918 358 980 tangit,
383 924 411 967 et
437 917 555 980 pervenit
582 933 661 981 usque
698 919 837 982 vectigalia
857 934 950 984 magna
966 921 1136 983 praestabant.
1177 919 1232 970 Sed

135 992 276 1041 Gommum.
308 992 475 1054 Bassareu,
490 1005 523 1040 ex
535 993 663 1056 qquin-
698 1009 756 1043 cnm
768 996 845 1044 maris
856 995 968 1059 impetus
978 996 1123 1059 plerunque
1137 994 1232 1043 irrum-

134 1068 189 1117 ciua
205 1066 297 1117 flumen
315 1067 405 1129 oritur,
422 1068 489 1130 qnod
510 1067 662 1130 praeterfluit
697 1083 762 1132 pens
783 1070 877 1120 exinde
903 1071 986 1133 pisces
999 1070 1177 1133 excluderet,
1202 1075 1230 1118 et

133 1145 277 1194 Mantuam.
302 1144 403 1193 Probus.
697 1142 876 1206 redemptores
896 1144 983 1208 mavia
1001 1144 1095 1194 damna
1110 1150 1230 1208 pateren-

167 1219 284 1282 Tslaari]
309 1219 661 1270 IariaslscusiuGalliaest
697 1219 974 1282 tnr,supplicaverunt
990 1220 1106 1269 senatui:
1124 1225 1153 1269 et
1170 1233 1239 1284 pru.

134 1295 327 1358 Cisalpina,nuu
340 1294 559 1357 ampliuscentum
570 1296 661 1360 viginti
697 1291 783 1343 fectus
801 1295 831 1344 C.
851 1294 934 1344 Iulius
953 1297 1050 1358 Caesar,
1068 1295 1154 1345 ductis
1164 1295 1230 1345 bra·

60 1397 65 1407 .
133 1369 271 1420 stadiorum
283 1369 395 1418 circuitu
411 1378 509 1437 patens.
541 1371 660 1420 Benacus
697 1368 761 1417 chiis
792 1370 903 1419 exclusit
929 1377 1029 1434 partem
1056 1372 1144 1430 maris,
1170 1385 1229 1436 quas

133 1444 160 1493 iu
178 1444 268 1494 eadem
288 1444 401 1508 regione,
417 1444 487 1493 mille
498 1450 527 1493 et
537 1445 660 1494 ducento-
696 1449 774 1493 antea
793 1442 887 1494 infesta
906 1459 963 1494 esse
980 1451 1161 1510 consueverat,
1172 1447 1229 1496 rell·

133 1535 199 1570 rum.
221 1522 331 1581 Plilurg.
696 1517 804 1581 quilque
816 1519 896 1569 breve
907 1520 1018 1583 spatium
1026 1534 1074 1583 per
1086 1518 1230 1584 Avernum,

164 1597 226 1646 Lori
240 1597 317 1659 snum]
359 1597 446 1646 larius
469 1598 541 1645 lacus
568 1598 659 1647 Galliae
697 1607 748 1656 qua
758 1599 786 1642 et
797 1593 904 1657 piscium
921 1600 1010 1658 posset
1026 1596 1105 1658 copia
1120 1595 1227 1658 intrare,

134 1670 279 1733 Cisalpinae,
298 1684 378 1732 prope
398 1671 503 1720 Comum
522 1672 658 1735 oppidum:
696 1673 724 1717 et
742 1666 837 1718 fluctus
854 1684 907 1718 non
923 1676 1009 1719 essem
1026 1670 1140 1720 molesti.
1158 1671 1227 1736 quod

133 1760 208 1809 quem
218 1745 270 1807 bic,
280 1744 313 1793 ob
328 1745 521 1808 longitudinem,
533 1747 660 1809 appellari
696 1757 769 1805 opus,
791 1743 886 1792 Iulium
914 1744 1012 1792 dictum
1040 1750 1088 1794 est.
1113 1745 1162 1796 sed
1184 1744 1227 1797 lec

133 1827 239 1870 censent
253 1821 389 1869 maximum.
406 1821 480 1870 bodie
497 1821 565 1882 Iaso
575 1824 604 1870 de
615 1823 660 1872 Co·
696 1818 842 1869 ambitiose
853 1819 948 1869 undam
968 1820 1061 1870 Iuliam
1084 1821 1225 1886 appellarit

131 1909 177 1944 ino.
194 1896 258 1945 Cum
267 1901 352 1943 autem
363 1896 469 1944 Benacus
479 1910 552 1958 paene
562 1896 659 1946 duabus
695 1893 849 1944 frementem
867 1904 958 1946 contra
968 1897 1047 1945 moles
1064 1911 1080 1945 a
1097 1897 1167 1947 lulio
1178 1912 1223 1963 op·

132 1970 249 2033 partibus
266 1969 347 2032 major
367 1971 400 2018 sit
420 1971 505 2032 Lario,
517 1970 658 2034 Fabricius,
696 1970 802 2032 positas.
831 1970 934 2020 Seruius.

70 2057 72 2060 ·
133 2061 167 2096 ex
188 2045 316 2094 sententia
337 2045 502 2105 eruditorum,
523 2047 658 2108 legendum
727 2046 873 2109 Medusque
890 2046 974 2096 addila
994 2045 1110 2109 elusim]
1148 2047 1224 2098 Hunc

132 2120 280 2186 pertendit:
307 2125 332 2169 te
356 2121 424 2181 lari,
451 2121 569 2183 Muxinu,
592 2127 658 2184 teqsu
695 2120 833 2170 Lucrinum
849 2121 934 2170 lacum
952 2127 979 2169 et
996 2122 1076 2185 Bajas
1092 2121 1171 2186 ipsas,
1187 2128 1225 2173 te·.

67 2219 69 2224 ·
133 2197 213 2246 Haut.
234 2202 264 2244 ut
286 2200 338 2244 tres
360 2194 477 2244 distincti
502 2196 553 2244 siut
574 2196 658 2246 Lacus
695 2201 801 2258 tumque
827 2196 924 2246 littoris
949 2197 1017 2247 illiu's
1043 2204 1166 2258 tractum,
1190 2198 1223 2249 ab

132 2271 227 2332 ltalia,
245 2284 307 2333 quius
318 2276 346 2319 et
357 2269 476 2318 Strabol.
487 2283 513 2320 v.
525 2269 658 2335 describit,
695 2269 843 2319 amenitate
865 2276 894 2319 et
911 2270 1005 2335 nitore,
1027 2271 1116 2321 molles
1135 2272 1187 2323 dici
1208 2288 1224 2323 a
1256 2266 1259 2270 ⁸

132 2344 283 2408 nannoni
302 2349 376 2406 patet
393 2343 498 2393 circiter
508 2344 591 2394 suadis
601 2359 657 2397 ccc.
696 2342 786 2394 Poiitis
808 2351 924 2407 constat;
943 2345 1003 2409 qnia
1022 2345 1050 2395 lu
1069 2360 1101 2396 eu
1122 2361 1229 2401 secessu

136 2419 262 2481 Verbanus,
289 2419 333 2482 qui
365 2432 438 2468 cccc.
465 2420 582 2483 Benucau,
615 2421 657 2485 qui
694 2421 845 2469 mollescere
864 2426 892 2470 et
913 2419 1064 2471 effeminari
1083 2421 1181 2473 delitiis
1196 2430 1223 2474 et

131 2507 220 2544 ccccc.
261 2495 376 2545 Quorum
397 2494 448 2543 duo
470 2496 567 2558 priores
587 2497 658 2546 lnsn·
694 2495 756 2558 otio,
778 2498 847 2559 capti
869 2497 983 2546 homines
1010 2497 1141 2548 illecebris
1165 2500 1221 2562 locl,

132 2568 206 2631 briae,
227 2570 381 2632 posteriores
401 2571 528 2620 Venetiae.
571 2573 657 2622 Verbo-
693 2570 852 2622 viderentur.
870 2572 946 2621 Unde
955 2572 1070 2623 Martial.
1079 2574 1156 2638 Epig.
1166 2576 1184 2623 l.
1192 2588 1220 2626 x.

131 2646 284 2711 numitaquc
295 2646 416 2694 idiomate
427 2647 561 2712 peregrino
575 2648 658 2697 Muni-
694 2644 726 2694 ln
741 2646 845 2696 lucrino
863 2649 911 2696 loto
928 2647 1043 2696 &huis
1063 2663 1130 2697 oeno.
1164 2649 1221 2698 Non

131 2737 195 2771 mern
205 2722 358 2786 appellavit:
376 2737 434 2770 uam
445 2723 466 2770 is
477 2738 493 2771 a
504 2723 587 2772 Gallis
598 2725 657 2773 olim
694 2720 763 2785 quod
773 2723 905 2784 Salmacis,
921 2737 979 2786 quse
990 2729 1031 2772 est
1041 2723 1067 2771 lu
1079 2724 1165 2788 Caria,
1174 2725 1221 2774 Lu·

130 2799 207 2848 lacn
216 2799 290 2858 muior
299 2799 398 2858 dictua;
415 2805 492 2861 atque
508 2800 572 2849 adeo
583 2800 657 2850 bodie
694 2786 766 2847 crino
777 2798 882 2863 adjungi
892 2798 986 2862 possit3
998 2799 1220 2864 sedbyperbolice
1277 2822 1280 2827 ·

131 2873 323 2933 Mcmujnillis
334 2875 485 2923 nominatur.
505 2875 646 2925 l'usslsnnnn.
694 2874 823 2922 Martialis
841 2874 874 2922 ad
893 2872 1073 2935 exprimendas
1091 2875 1165 2923 lacus
1179 2888 1221 2924 ve·

164 2953 211 2998 160
234 2948 357 2997 Fluctibus
374 2955 397 2997 et
409 2948 513 3007 fremitu
530 2952 658 3012 adsurgens
693 2964 777 3012 neres,
797 2957 826 2998 et
850 2951 1019 3012 amoenitates,
1041 2948 1116 3012 dixit,
1138 2950 1165 2998 in
1189 2963 1224 3000 eo

132 3025 226 3073 Benace
247 3025 348 3087 murino]
396 3026 504 3073 Benacus
524 3026 595 3074 lacus
617 3034 657 3075 est
693 3024 821 3075 Salmacln
839 3026 920 3088 ipsam
937 3025 1038 3087 lavisse,
1049 3024 1092 3088 qui
1112 3023 1172 3073 fons
1187 3025 1220 3074 ab
1306 3089 1312 3099 .

131 3099 224 3161 Italiae,
240 3099 283 3162 qni
301 3098 475 3162 magnitudine
491 3099 657 3162 sui‚tempes-
693 3099 809 3149 evitandi
835 3099 1060 3164 effeminandique
1087 3098 1221 3162 facultate,

131 3181 200 3223 tates
211 3175 326 3224 imitatur
337 3175 455 3223 nrariuas.
487 3173 591 3222 Seruius.
693 3175 795 3225 abunde
821 3176 854 3225 ab
880 3175 975 3224 Ovidio
996 3175 1144 3225 celebratus
1171 3181 1219 3225 est.

163 3250 310 3313 Adsurgens]
336 3250 656 3313 Vocatiuusestcasus,ut
694 3250 850 3300 Germanus.-
1083 3250 1088 3263 “
1238 3254 1240 3259 “

130 3329 175 3388 eit,
185 3329 313 3376 Memorem
321 3332 345 3376 et
354 3332 386 3390 te,
397 3316 513 3377 nenne
521 3328 656 3391 adsurgens,
725 3326 872 3390 Lucrinoque
887 3325 970 3375 additu
985 3326 1098 3388 elaustro]
1126 3324 1223 3390 Augus-

130 3401 157 3451 id
184 3411 231 3464 est,
258 3409 401 3457 tumescens
414 3400 528 3450 ‘fremitu
548 3403 655 3452 marino.
693 3406 735 3449 tus
756 3408 858 3463 portum
876 3402 972 3452 Julium
990 3400 1058 3464 apud
1077 3401 1165 3465 Bajas,
1177 3402 1222 3450 ins-

130 3474 185 3525 Aut
203 3483 275 3528 certe
286 3476 432 3540 Antiptosis
447 3478 490 3538 sit,
507 3492 554 3540 pro
570 3479 656 3527 adsur·
693 3477 771 3525 misso
779 3477 805 3525 iu
814 3477 952 3527 Lucrinum
961 3482 990 3526 et
1000 3477 1129 3524 Avernum
1137 3477 1222 3525 mum

129 3559 242 3615 gentem.
270 3553 344 3601 Idem.
692 3553 764 3614 mari,
783 3551 879 3602 effecit.
907 3553 976 3601 Plin.
988 3564 1078 3600 xxxv.
1089 3557 1129 3602 16.
1149 3553 1222 3603 Suet.

161 3627 309 3689 Adsurgens]
340 3627 476 3688 Adsurgens
492 3628 543 3687 bic,
559 3644 608 3692 pro
619 3644 656 3678 as·
693 3633 779 3677 tamen
790 3636 817 3677 et
833 3628 964 3678 Plutarch.
980 3628 1100 3677 videntur
1115 3628 1223 3690 sentire,

129 3711 284 3765 surgentem.
317 3704 420 3753 Pendet
439 3704 507 3753 enim
525 3719 558 3753 ex
576 3706 656 3754 verbo
693 3701 1221 3755 illaclaustrsaluliocaenrefactncsse

129 3794 258 3829 mensorem.
286 3779 399 3840 Philarg.
694 3779 789 3842 Meyeu.
1232 3777 1241 3794 ⁴

161 3854 266 3916 Benace]
299 3856 367 3904 Plin.
387 3868 426 3904 rx.
444 3859 485 3903 22.
526 3858 603 3906 Luem
621 3863 656 3905 eet
727 3854 849 3916 Claustra]
866 3856 954 3904 Caesar
974 3862 1076 3916 partem
1099 3852 1177 3902 maris
1194 3853 1221 3903 in

130 3930 210 3978 liclia
220 3932 327 3979 Benacus
342 3930 369 3978 in
382 3930 507 3979 Veronensi
523 3946 581 3991 agro
592 3933 657 3979 Min·
693 3929 750 3978 sinu
761 3929 861 3992 Bojano
877 3928 1002 3978 maenibus
1013 3928 1104 3991 cinxit,
1115 3930 1148 3977 ad
1160 3928 1221 3992 deli·

129 4003 190 4052 cium
208 4019 298 4053 omnen
313 4006 483 4054 transmittens.
516 4005 611 4054 Eadem
629 4005 655 4053 iu
694 4003 1222 4067 cias,quudspatinmfuitostrearumvirs·

129 4092 179 4146 111.v
195 4083 234 4127 19.
278 4080 348 4142 Lege
368 4080 549 4130 amoenissimos
569 4094 655 4128 versus
692 4079 757 4128 rium
780 4080 985 4143 pulcherrimum,
1013 4080 1222 4144 appellatumque

129 4153 223 4205 Bembi
234 4154 261 4204 in
271 4155 384 4230 Benaco,
394 4154 550 4230 praeferendi
557 4155 656 4220 judicio
692 4155 841 4222 Lucrinum,
851 4154 1006 4222 quodetiam
1022 4156 1123 4218 lucrum
1133 4154 1224 4211 affusus
1239 4146 1259 4203 s
