2744 4696
135 321 222 388 1949
484 334 592 384 nonu
616 333 819 385 vauronuu
843 332 884 384 ne

132 479 175 527 dm
195 479 270 526 Orcus
288 491 358 540 apua.
389 474 501 526 Videtur
517 483 605 526 antem
620 473 663 527 iric
700 475 869 526 Cerdaadru
878 473 1094 539 61⁰,hujuslibri
1130 475 1236 527 Ena.

131 552 426 616 Poiitsdoctis‚secutus
437 551 534 602 Sironis
546 566 664 616 prucep·
732 556 779 602 497
796 557 848 602 Aut
864 552 986 613 moderato
1001 553 1141 602 descenderes
1155 553 1236 603 Das-

131 628 195 678 toris
216 627 387 692 disciplinam,
408 627 524 677 alludere
545 627 579 676 ad
600 625 664 676 iliud
699 628 730 677 ab
745 629 843 693 Histro]
859 628 892 678 Id
911 633 961 690 est,
979 642 1031 678 nou
1047 642 1108 677 eum
1121 628 1236 678 solicitet

130 704 323 766 Lucretianum,
335 705 370 753 Et
380 709 456 754 suetus
474 704 514 752 iiic
523 701 594 762 soros
601 717 663 765 proe·
701 703 1037 767 conjuratioBarbarorum.
1070 703 1179 752 Sorrina
1223 714 1238 741 ··

131 796 185 846 ceps
204 782 344 832 Acherontis
361 785 479 844 ugendw
505 782 567 845 quin
586 779 664 829 etad
734 779 886 829 Descendens
904 780 988 828 Dacus
1002 778 1033 827 od
1048 777 1149 841 Histro]
1167 772 1236 828 Auti-

133 858 239 908 Lucret.
251 858 296 908 lib.
307 858 339 907 de
351 859 461 908 Natura.
490 857 664 920 Saepeauteru
701 853 760 902 dius
771 854 907 904 Modestus
922 855 1060 918 legisse-se
1080 853 1236 918 affirmabat,

134 934 222 984 Greci
240 932 444 998 ἃρπωὴνὰΐῦην.
478 932 557 982 Hunc
577 937 664 982 antem
701 930 877 980 buucmorem
895 944 950 980 esse
968 932 1118 989 Dacornm3
1136 935 1166 979 ut
1176 945 1235 980 cnm

130 1025 233 1060 versum
245 1012 321 1060 Maro
332 1025 364 1059 ex
375 1010 460 1058 Poeta
474 1009 559 1072 aliquo
569 1008 664 1057 Graeco
702 1004 736 1053 ud
754 1004 823 1054 bella
841 1004 1076 1069 proficiscerentur,
1094 1019 1147 1054 non
1164 1005 1235 1068 prins

132 1085 276 1136 traduxisse
294 1086 406 1147 videtur,
422 1085 495 1148 cnjus
506 1099 608 1133 versum
627 1090 665 1133 ta»
701 1096 755 1130 rem
766 1089 942 1144 capesserent,
950 1096 1028 1146 qnam
1037 1082 1070 1131 de
1080 1080 1174 1130 Histro
1183 1096 1236 1132 ceu

130 1165 182 1213 lem
192 1177 331 1226 suppresso
349 1162 462 1212 auctoris
477 1162 581 1211 nomine
590 1161 628 1210 ita
639 1160 665 1208 ἐν
702 1164 758 1206 tum
767 1157 869 1207 modum
877 1157 1025 1207 haurientes
1033 1171 1086 1219 ore,
1094 1157 1119 1205 in
1130 1157 1234 1206 modum

131 1239 231 1302 eportet
241 1239 307 1288 citat
322 1238 455 1288 Plutarch.
468 1237 500 1286 de
512 1237 574 1286 diis:
593 1240 664 1300 ssapo-
701 1236 769 1284 sacri
780 1235 843 1299 viui,
853 1237 984 1299 jurarent,
993 1250 1045 1284 nou
1056 1249 1085 1283 se
1096 1234 1130 1283 ad
1142 1234 1234 1298 patries

130 1313 305 1378 βόωορθμὸν
314 1312 459 1376 πεφευγότες
468 1309 604 1376 ἂχέροντος.
620 1312 663 1362 Sic
701 1311 789 1359 sedem
801 1325 970 1374 regressuros,
987 1311 1037 1359 nisi
1053 1311 1172 1360 hostibus
1185 1327 1233 1361 cue·

131 1396 159 1441 et
175 1391 278 1452 rogciern
296 1391 376 1452 marm
395 1405 492 1438 murum
509 1396 585 1438 vocat
600 1389 663 1437 Pro·
701 1385 744 1434 sis.
788 1391 816 1435 et
837 1386 935 1436 idcirco
954 1386 1092 1450 Virgilium
1112 1379 1254 1438 familiari

131 1470 200 1530 pert.
219 1467 236 1514 l.
256 1477 287 1513 rr.
305 1465 382 1513 Romu
399 1465 478 1526 puella
498 1464 605 1513 Occidit.-
622 1464 664 1512 irus
701 1460 751 1509 sibi
761 1461 898 1525 hypallage
914 1476 988 1511 usum
1005 1461 1111 1525 dixisse,
1121 1463 1234 1512 Hieras

130 1541 373 1603 snxisignisecarus
383 1541 461 1591 tebet.
494 1541 648 1590 Germanus.
701 1537 856 1599 coniuratum
873 1537 943 1600 apud
962 1551 1038 1603 quem
1055 1537 1127 1587 Daci
1147 1538 1234 1602 couju-

162 1622 211 1668 499
228 1615 542 1680 Deosquinocitagrestis]
559 1615 664 1668 Quiab-
701 1621 966 1666 rareconsnsveruut.
1001 1615 1129 1678 Putarg.-
1173 1643 1187 1661 ι.

130 1692 211 1743 stinet
222 1692 311 1742 ciricis
322 1693 409 1752 malis;
428 1700 456 1741 et
467 1699 512 1741 aut
524 1690 664 1741 ruralrubi·
733 1691 827 1754 Dacus]
843 1692 960 1756 Dccs'(nt
976 1692 1014 1741 uit
1030 1690 1142 1754 Strabo)
1157 1691 1184 1740 iu
1200 1691 1235 1740 di·
1254 1731 1260 1747 .,

131 1769 180 1828 tat,
191 1772 235 1816 ant
247 1778 306 1815 cum
322 1766 375 1815 suis
383 1765 538 1815 numinibus
549 1780 609 1815 rura
619 1765 664 1814 de·
700 1780 803 1814 versum
816 1766 849 1815 sd
861 1767 1026 1817 Germaniam
1042 1771 1071 1816 et
1082 1767 1169 1817 Histri
1179 1764 1233 1816 fon·

130 1843 243 1906 scripsit.
277 1843 382 1892 Senius.
554 1879 557 1886 .
702 1848 742 1891 tes
765 1849 884 1906 vergunt.
923 1843 990 1893 Phil.
1002 1843 1136 1895 Melanch.
1157 1844 1234 1894 Decet

163 1924 212 1970 494
229 1920 396 1983 Nymphasque
415 1918 517 1981 sorores]
536 1918 596 1968 Nou
614 1918 664 1967 Pa·
701 1917 777 1967 fuisse
793 1925 891 1982 censet,
910 1933 972 1983 quos
991 1932 1060 1968 nnuc
1079 1919 1235 1982 &ptem-usi

131 1995 170 2046 uis
181 1997 222 2045 rel
232 1996 354 2058 Sylvsni:
372 1995 417 2044 sed
428 1995 496 2043 iuter
507 2009 535 2042 se
547 2007 662 2042 sorores:
702 1998 790 2042 tremes
808 1996 974 2059 appellamus,
984 2001 1013 2045 et
1022 1995 1120 2044 vicinas
1138 2001 1235 2059 gentes,

130 2078 169 2132 ut,
180 2072 285 2121 AEtuoeos
297 2070 403 2130 fratrer:
419 2070 488 2118 iuter
507 2083 535 2117 se
554 2066 664 2117 scilicet.
703 2083 760 2131 qum
780 2070 872 2132 sapias
889 2075 981 2120 contra
998 2071 1129 2120 Romanos
1147 2071 1233 2134 conju

132 2146 209 2194 idem.
655 2175 658 2183 -
703 2151 808 2194 rarnnt:
827 2145 943 2196 strictos
955 2145 1234 2196 transmiseramus

164 2219 330 2284 Nyuopiasquc
345 2218 445 2281 sorores]
461 2217 592 2280 Dryades,
610 2217 665 2267 Ha·
701 2219 816 2269 mitisno.
861 2221 963 2271 Dacium
989 2222 1149 2286 Pomponius
1175 2221 1232 2272 Sub

131 2294 294 2358 mudryades,
314 2294 475 2356 Orestiades,
493 2293 665 2355 Limoniudes‚
705 2296 1055 2360 Walacticmiuterpretatur.
1073 2297 1234 2360 Histervero,
1267 2347 1270 2351 ,

132 2367 255 2432 Nnjades‚
273 2369 404 2431 silvarum,
425 2368 559 2430 montium,
578 2374 664 2431 prato·
703 2370 829 2420 Danubius
837 2381 890 2422 est:
905 2373 949 2436 qni
958 2379 985 2422 et
993 2373 1121 2422 &morinis
1129 2365 1237 2423 ovidim

131 2459 197 2508 rum,
214 2459 351 2510 aquarum:
369 2459 427 2509 qum
447 2452 507 2496 suut
526 2443 576 2494 sibi
595 2445 664 2493 inter
704 2445 846 2495 Toudmuun.

132 2533 160 2569 se
171 2534 280 2570 sorores.
314 2521 412 2568 Ram
734 2521 832 2584 Histro]
855 2520 959 2570 Fluvins
979 2520 1156 2586 estScytbim.
1180 2522 1233 2573 Ser·

163 2595 420 2660 strumensem]
448 2596 566 2646 Honores
586 2595 664 2660 qnia
701 2595 762 2645 nius.

132 2675 227 2738 populo
244 2678 407 2736 praestantur.
448 2671 558 2734 Proprie
577 2677 663 2721 antem
735 2672 832 2736 Histro]
844 2672 910 2723 Cum
919 2671 1074 2736 aspiratione
1082 2670 1178 2721 scribit
1185 2670 1233 2721 ’i's-

130 2749 232 2798 locutus
251 2755 300 2808 est,
318 2753 348 2796 ut
364 2745 448 2795 fasces
468 2746 564 2809 populi,
576 2760 663 2808 regum
700 2747 840 2810 mutianus,
848 2754 915 2798 teste
924 2747 1060 2811 Dausqnio
1072 2745 1098 2794 in
1110 2746 1235 2809 Orthopr,⁴

131 2838 271 2888 purpuram
285 2822 395 2872 diceret.
429 2822 533 2870 Seruius.
700 2823 744 2871 De
763 2822 864 2886 Histro,
880 2837 925 2872 seu
942 2821 1065 2872 Danubio
1083 2818 1198 2870 Melan.
1209 2823 1232 2871 9.

164 2902 213 2948 too
229 2898 319 2962 infidos
328 2897 664 2961 agitansdiscordinfrctrcs]
701 2897 845 2946 Emmeneos.
1156 2931 1159 2936 -

131 2972 295 3022 Discordiam
307 2973 393 3035 posuit
409 2986 456 3034 pro
470 2973 587 3023 avaritia.
620 2972 662 3022 Ab
733 2976 782 3020 498
806 2974 862 3021 Non
881 2986 919 3020 res
941 2972 1063 3034 Romane,
1081 2972 1233 3036 perituraque

131 3060 163 3095 eo
181 3045 250 3110 qrrod
263 3045 398 3108 praecedit,
415 3044 441 3093 id
460 3045 529 3108 qnod
540 3046 662 3110 sequitur.
700 3046 787 3109 regan]
815 3050 906 3111 Regna
927 3047 1029 3096 scilicet
1050 3046 1232 3098 Barbarorum.

132 3120 221 3186 infidos
241 3127 327 3171 nutem
341 3120 435 3180 fratres
452 3120 510 3169 ideo
530 3121 575 3183 ait,
593 3121 663 3185 qnod
700 3123 768 3171 Nam
788 3123 839 3172 duo
857 3123 936 3182 dicit;
955 3122 1098 3185 Rusticum,
1116 3139 1167 3174 nec
1184 3126 1232 3174 ltn-

131 3195 522 3247 auantiaecnussndisseutinnt.
556 3197 631 3246 idern.
700 3211 802 3247 manum
821 3199 956 3262 imperium
975 3206 1072 3261 movet,
1092 3198 1121 3248 id
1141 3199 1232 3265 ested

163 3274 274 3336 Fratres]
302 3273 377 3325 Quod
398 3273 537 3324 dissideant
560 3273 663 3338 fratres,
699 3272 824 3323 ambitum
838 3275 921 3338 cogit:
939 3288 987 3324 nec
998 3274 1169 3324 barbarorum
1180 3290 1232 3341 reg·

66 3375 68 3378 ·
131 3364 200 3414 saepe
214 3351 240 3399 ln
252 3352 328 3413 culpa
339 3358 379 3399 est
391 3349 502 3399 lsabeudi
519 3364 599 3412 amor,
611 3364 663 3400 nou
700 3362 734 3396 un
760 3351 885 3411 peritura.
931 3350 992 3398 Nou
1019 3348 1086 3397 enim
1115 3350 1232 3399 Romano

131 3440 190 3476 raro
203 3434 289 3475 tamen
308 3426 413 3475 ambitio
432 3427 547 3476 exitiosae
568 3427 664 3476 dissen-
700 3424 834 3473 maledixit
852 3424 970 3487 imperio,
984 3423 1172 3474 licetlncaiii
1183 3424 1232 3474 dic·

131 3500 195 3550 sioni
217 3514 321 3549 causam
344 3515 443 3564 quoque
466 3500 576 3563 praebet.
619 3503 662 3551 De
701 3505 755 3547 tum
767 3499 849 3549 velint
860 3513 892 3548 ex
905 3499 1018 3563 generali
1026 3499 1118 3548 uenire
1132 3505 1233 3550 senten*

133 3577 241 3626 Romulo
249 3582 277 3625 et
289 3578 493 3639 Remo,quorum
502 3574 597 3625 foedum
607 3592 663 3626 cer·
700 3574 745 3636 tia,
767 3575 835 3639 quod
858 3575 939 3624 omnis
958 3573 1109 3638 magnitudo
1133 3573 1233 3638 imperii

131 3659 218 3703 tamen
235 3658 323 3700 narrat
335 3651 422 3702 Livius
435 3665 454 3699 ι.
467 3657 492 3701 6.
503 3651 537 3700 de
550 3653 619 3716 Cyro
635 3659 663 3719 et
700 3651 821 3713 perieulis
830 3651 953 3714 subjacet.
962 3650 1028 3699 nnde
1037 3650 1232 3702 etiamJuuena·

130 3728 275 3778 Artaxerxe
290 3728 408 3779 lustinus
424 3742 451 3777 v.
469 3732 508 3777 ll.
526 3734 553 3776 et
569 3743 662 3778 memo-
700 3726 730 3775 lis
741 3728 786 3789 ait,
797 3728 837 3776 dd
847 3742 962 3788 generum
971 3726 1068 3775 Cereris
1074 3726 1127 3775 siue
1137 3729 1199 3776 ccede
1209 3730 1232 3776 st

132 3803 239 3853 randum
254 3804 398 3865 exemplum
416 3803 495 3852 habet
514 3804 618 3853 Patere.
630 3818 661 3854 rr.
698 3803 814 3864 magnino
821 3803 891 3866 pauci
899 3804 1133 3866 Descenduutreges,
1141 3802 1233 3851 etsicca

129 3884 175 3948 67..
189 3879 242 3928 Nec
255 3880 340 3928 Planco
353 3881 436 3940 gratia
453 3880 529 3938 defmt
544 3883 576 3930 ud
592 3881 663 3944 impe·
699 3884 773 3927 morte
787 3879 894 3942 tyranni.
925 3878 1036 3927 Servius.

129 3959 248 4021 trundum,
257 3962 284 4007 ut
298 3957 382 4016 frater
391 3959 440 4018 ejus
452 3959 555 4006 Plancus
568 3959 663 4007 Plotius
732 3956 781 4003 Res
791 3954 872 4016 Rom]
884 3955 926 4002 lta
937 3954 992 4003 AEn.
1005 3965 1051 4002 ιιι.
1063 3953 1114 4002 Res
1123 3952 1200 4016 Acie,
1205 3951 1231 4003 id

126 4034 319 4097 proscriberetur,
339 4037 380 4096 isc.
406 4035 503 4083 Verum
530 4033 593 4082 illud
622 4041 663 4083 est
699 4037 748 4093 est,
765 4029 919 4093 Imperium:
933 4027 1065 4094 'quomodo
1084 4034 1112 4076 et
1133 4027 1231 4079 Graecit

130 4109 407 4160 ovidillllet.1.1eo.
428 4110 556 4158 «Fratrum
575 4124 663 4172 quoquc
701 4106 832 4171 πράγματα
854 4104 1000 4170 significant
1015 4102 1149 4154 πολιτείαν.
1190 4103 1234 4153 lia

128 4185 211 4245 gratia
227 4201 291 4236 rcrc.
303 4186 420 4251 plurade
430 4185 539 4237 fratrum
550 4186 662 4237 dissidiis
692 4184 864 4244 ‘Resetlitem
874 4186 958 4232 notat.
968 4179 1030 4229 binc
1039 4176 1151 4233 Ausonii
1158 4177 1233 4229 tunm
