2744 4696
485 329 629 383 vinoun.
673 330 809 380 onouo.
832 327 885 380 tv,
1141 312 1230 395 2165

130 470 195 536 niat,
216 470 415 537 nigerrimasque
434 473 561 523 mactari?
593 473 660 527 Quia
696 480 722 527 4.
742 476 976 526 551115555521.
992 472 1094 523 ‘morte
1114 471 1229 523 damnati

129 548 236 612 fluperis
258 549 316 597 Diis
336 548 465 614 (inquitis)
485 556 563 615 atque
582 550 660 598 homi·
696 550 757 601 duci
768 552 897 615 jubentur
906 551 923 612 ;'
939 550 970 598 ad
990 566 1047 615 quae
1061 550 1185 600 videndus
1203 548 1230 599 in

131 632 192 673 nunt
202 623 360 674 dexteritate
371 625 528 689 pollentibus
539 625 610 674 color
618 625 661 674 lae·
697 626 783 677 indice
795 627 981 677 Freinshemius
992 643 998 675 :
1017 626 1062 675 sed
1078 632 1105 675 et
1115 626 1229 677 victimae

130 705 172 749 tus
193 706 314 764 acceptus
332 707 382 764 est,
401 716 431 750 ao
450 699 512 750 felix
530 702 661 752 hilaritate
697 703 848 770 ducebantur,
859 717 909 752 non
928 702 1091 765 trahebantur,
1100 708 1131 752 ut
1141 702 1231 753 multis

130 776 258 826 candoris.
292 777 400 827 Atvero
413 778 561 841 Dilslaeris,
576 779 661 827 sedes·
698 779 822 843 exemplis
848 779 897 828 hoc
926 777 1037 827 adstruit
1061 778 1174 828 Brissou.
1195 777 1230 827 de

130 867 182 916 que
193 852 369 902 habitantibus
379 852 484 916 inseras,
492 855 564 902 color
572 853 661 903 furvus
698 851 774 904 form
784 868 803 906 1
815 860 844 903 et
863 853 974 904 Tauhm.
995 852 1045 902 Ge.
1056 867 1088 901 ιι.
1101 856 1158 903 595.
1173 852 1231 901 ‘Et

128 935 175 977 est
195 931 300 992 gratior,
321 936 349 978 et
366 929 482 980 tristibus
502 928 626 980 suffectus
645 945 660 979 e
698 928 792 979 ductus
810 942 890 979 cornu
905 927 986 977 stabit
999 941 1073 977 sacer
1091 927 1177 976 hircus
1196 925 1230 976 ad

133 1003 217 1054 fucis?
251 1007 321 1070 Lege
333 1020 395 1055 vero
408 1006 433 1054 in
453 1007 508 1069 illo,
528 1013 556 1056 ut
573 1006 662 1058 eludat
697 1006 784 1056 aram!
817 1007 960 1055 Emrueness

129 1081 196 1131 hauc
207 1082 320 1144 gentium
331 1083 546 1147 superstitionem
575 1084 661 1135 Cerdo.
731 1086 780 1132 554
796 1082 945 1132 8555155555
963 1079 1029 1128 duis
1046 1050 1230 1128 mhohilemorr

167 1157 201 1205 Et
218 1157 313 1218 nigrum
329 1159 443 1207 nudabis
454 1160 529 1223 mem]
544 1158 662 1223 Insignis,
698 1159 785 1221 strena]
803 1159 857 1208 Res
877 1159 945 1207 enim
965 1157 1022 1204 haec
1039 1170 1073 1204 ex
1092 1155 1231 1219 improviso

133 1232 177 1296 qui
190 1232 222 1280 ad
239 1231 434 1283 illustrationem
450 1235 491 1283 vel
507 1234 591 1298 potius
603 1249 662 1284 con·
699 1236 779 1300 veuit,
796 1241 826 1284 ut
837 1249 899 1298 apes
910 1247 943 1283 ex
955 1231 1037 1282 hobus
1056 1239 1231 1295 erumperent.

131 1306 302 1358 firmationem
321 1311 435 1359 Maronis
454 1308 527 1373 facit,
547 1312 663 1361 occurrit
700 1313 767 1362 Nam
780 1314 914 1374 praecepta
935 1310 1060 1371 Cyrenes,
1078 1302 1178 1357 tantum
1195 1309 1230 1357 ad

129 1385 212 1447 locus,
235 1386 333 1448 placari
352 1385 424 1449 nigra
443 1386 543 1450 pecude
565 1385 662 1437 inferos
699 1385 854 1451 placandum
863 1383 965 1432 numina
975 1382 1150 1447 pertinebant.
1177 1385 1231 1434 No·

130 1460 213 1523 (quod
233 1462 311 1510 etiam
328 1477 360 1511 ex
380 1464 448 1512 Non.
460 1463 578 1512 Marcell.
589 1463 662 1528 liqui·
700 1463 805 1513 tandum
816 1476 886 1523 saue,
897 1459 958 1524 quia
967 1473 1000 1508 ex
1011 1459 1059 1508 hoc
1076 1466 1172 1508 eventu
1184 1459 1229 1509 illa

131 1534 206 1596 dum)
231 1537 298 1599 apud
331 1538 377 1586 Sil.
405 1538 525 1588 Italicum
553 1539 571 1587 l.
596 1552 660 1588 xus.
699 1539 856 1589 arsinoeuta
873 1542 922 1599 est,
942 1548 1019 1599 quam
1036 1548 1117 1596 supra
1135 1548 1231 1584 memo·

129 1611 206 1661 ‘Nec
229 1621 352 1663 cunctata
379 1614 423 1663 diu
444 1621 526 1678 vates,
545 1621 660 1664 mactare
698 1616 780 1667 ravit:
799 1609 1229 1674 etmeliorfactaperiudustriam.

131 1690 241 1751 repostis
250 1692 313 1739 Mox
325 1691 530 1755 umbris,inqult,
538 1696 662 1740 consueta
697 1697 802 1747 Senias

132 1765 244 1829 piacula,
261 1767 345 1831 nigras
363 1768 416 1816 Sub
435 1769 519 1817 luceru
539 1766 660 1831 pecudes,
730 1779 777 1822 555
795 1769 938 1835 Liqaefnctn
976 1769 1054 1832 boum]
1095 1768 1172 1818 Unde
1200 1772 1229 1816 et

131 1842 290 1908 reclusaeque
311 1844 408 1893 abdere
431 1850 516 1893 terrae.
555 1844 662 1892 Manan-
698 1847 797 1898 Graecis
818 1844 939 1910 salmosa
959 1842 1093 1902 55555555,
1116 1849 1144 1893 et
1173 1844 1229 1898 βον-

133 1922 186 1966 tem
190 1919 289 1983 jugulis
299 1920 442 1983 spirantum
451 1918 523 1968 caede
532 1933 661 1980 cruorem,
698 1919 789 1984 γονέες.
823 1924 861 1971 Ut
880 1928 966 1971 autem
986 1921 1087 1968 snum
1111 1919 1185 1982 dixit,
1202 1923 1231 1967 et

130 1995 195 2044 Tum
212 1997 320 2060 populos
338 1996 386 2045 tibi
397 2010 477 2060 regua
491 2011 550 2046 suos
566 1996 662 2059 palleu-
697 1999 819 2064 epi'mme,
828 1996 1075 2064 Apelleuflopssndhr
1083 1994 1230 2058 κλονέονται,

131 2072 302 2123 demittent?
335 2074 479 2122 Emmcaess.
698 2077 862 2137 etfloptloios.
896 2076 931 2124 Et
950 2080 981 2124 ut
1002 2073 1043 2121 hic
1064 2071 1230 2136 &werede

165 2152 213 2198 548
233 2148 358 2211 Praecepto
370 2147 481 2210 facessit]
503 2148 593 2198 Facit:
611 2146 661 2197 fre-
698 2152 827 2201 vermibus
835 2152 941 2201 Lucret.
973 2149 1120 2212 ‘Inpullos
1135 2147 1230 2197 anima·

132 2224 306 2287 quentativum
318 2229 360 2272 est
370 2237 415 2286 pro
427 2223 573 2286 principali.
605 2221 661 2274 Aut
698 2228 736 2277 les
747 2228 843 2278 vertier
850 2243 897 2277 ova
906 2225 1040 2277 Cernimus
1049 2225 1164 2287 alituum,
1175 2237 1232 2273 ver-

132 2304 205 2348 certc
216 2298 275 2347 ideo
293 2299 408 2361 Focessa't,
428 2298 487 2362 quia
505 2298 593 2361 plures
604 2298 661 2348 hos·
697 2317 802 2367 suesque
813 2303 949 2364 effervere,
964 2307 1060 2351 terram
1087 2300 1231 2365 Intempes-

132 2376 337 2426 tlasimmolavit.
370 2376 475 2425 enum
697 2379 764 2428 tiros
782 2394 841 2429 cum
863 2378 1041 2443 putrorcepit
1061 2377 1094 2426 oh
1118 2377 1231 2427 imbres.'

164 2450 256 2502 Matris
263 2451 498 2516 proceptojocessit]
511 2450 660 2510 855515555-
699 2453 840 2502 Germanus.

131 2529 209 2592 cessit,
225 2529 442 2595 frequentativum
461 2542 516 2577 esse
532 2528 577 2577 ait.
609 2527 660 2576 Ve-
730 2523 778 2577 555
795 2526 903 2576 Stridens
923 2540 979 2590 opes
1004 2529 1081 2585 55555,
1100 2530 1124 2573 et
1150 2527 1231 2588 ruptis

131 2618 187 2653 rurn
199 2605 248 2654 alia
258 2620 330 2654 mens
342 2605 420 2654 Nonii
430 2604 559 2665 Marcelli,
578 2603 616 2652 uti
632 2609 661 2653 et
697 2604 810 2668 fferomc
819 2602 901 2665 55515]
917 2602 983 2652 Haec
1001 2600 1081 2651 verba
1100 2607 1129 2651 et
1139 2615 1231 2651 secun·

135 2681 233 2731 Donati
255 2682 281 2730 in
304 2682 408 2730 Phorm.
430 2694 468 2730 ιν.
484 2684 509 2728 t.
542 2680 661 2743 Uterque
698 2680 739 2730 dre
769 2687 828 2729 snut
855 2677 1042 2742 conjugationis
1071 2682 1099 2726 et
1123 2677 1228 2726 tertiaer

132 2757 299 2816 enimsocesso
310 2757 462 2821 simpliciter
471 2755 580 2819 exponit
584 2755 660 2815 socio.
698 2774 766 2811 nunc
778 2764 878 2808 tantum
896 2756 990 2807 tertiae.
1024 2754 1129 2804 Seruius.

131 2834 194 2885 Meo
206 2833 398 2897 tamenjudicio
411 2831 504 2902 facesso
513 2831 555 2880 hic
566 2831 661 2895 siguifi-
730 2836 849 2900 5555555]
884 2833 928 2884 Sic
954 2832 1048 2881 Horat.
1068 2829 1122 2880 Sat.
1144 2840 1177 2877 11.
1202 2833 1228 2880 8.

132 2916 177 2959 cat
188 2908 301 2959 studiose
311 2908 378 2958 sacio
395 2923 425 2958 ac
442 2922 573 2972 exequor:
591 2906 660 2972 quod
697 2916 773 2965 ‘tum
793 2915 818 2962 in
837 2914 906 2962 lecto
924 2923 1025 2973 quoque
1044 2906 1146 2956 videres
1163 2906 1228 2955 stri.

131 2985 248 3033 indicant
265 2985 309 3033 illa
324 2984 414 3047 verba,
429 2983 504 3033 Haud
519 2998 599 3042 metm·
626 2988 654 3033 et
697 2989 760 3040 dere
782 2993 884 3038 secreta
900 2985 994 3034 divisos
1013 2997 1075 3032 aure
1096 2986 1229 3033 susurros!

134 3062 258 3111 05551555.
292 3061 406 3110 Vossius.
696 3066 742 3115 De
761 3064 851 3129 apibus
875 3062 980 3123 dicitur,
999 3068 1029 3110 ut
1046 3059 1167 3109 AEn.vn.
1183 3064 1226 3110 65.

165 3142 213 3187 549
231 3137 343 3199 Excitat]
360 3136 391 3186 ld
411 3135 608 3200 615558111νῦ,
628 3142 658 3186 ut
695 3142 803 3205 ‘Hujus
820 3154 882 3205 apes
893 3151 1017 3187 sommum
1036 3134 1123 3185 densa
1140 3135 1227 3200 (mira,-

133 3213 240 3277 rs.⁸,5112.
257 3214 371 3263 excitare
387 3227 434 3278 pro
451 3218 594 3273 exstruere,
609 3211 659 3261 eri-
695 3216 748 3269 bila
768 3215 854 3280 dictu)
879 3213 996 3264 Stridore
1015 3210 1131 3274 ingenti!
1168 3213 1227 3261 Enr-

130 3302 201 3352 gere,
209 3289 327 3340 Ciceroni
336 3290 362 3338 in
371 3304 417 3339 usu
426 3288 459 3337 de
467 3288 607 3352 legibusrr.
615 3291 656 3338 27.
693 3306 791 3343 mensas.

129 3367 247 3415 ‘exstrui
259 3373 331 3416 vetat
342 3366 488 3431 sepulcrum
499 3364 590 3428 altius,’
608 3366 657 3414 &e
727 3374 775 3418 557
786 3369 886 3431 Jmuquc
895 3367 979 3416 arbore
989 3379 1080 3414 summo
1092 3364 1228 3430 Confluere]

128 3441 198 3490 ‘nec
217 3442 329 3505 elapide
348 3441 459 3490 excitari
479 3440 553 3503 plot?
586 3432 657 3489 Suet·
696 3446 755 3496 Hoc
772 3443 939 3509 peculiariter
950 3441 1039 3506 attigit
1056 3439 1226 3491 Nicanderiu

131 3515 248 3580 (151155.
260 3522 300 3568 46.
326 3518 494 3568 ‘altissim
506 3522 604 3565 turrem
614 3530 658 3566 ex·
695 3520 817 3586 Alexiph.
838 3527 898 3569 utar
918 3525 1018 3568 tantum
1039 3517 1126 3568 verbis
1142 3517 1227 3568 Inter·

131 3593 243 3643 citavit!
283 3595 383 3644 Seneca
409 3593 485 3658 epist.
511 3597 551 3644 52.
575 3593 659 3658 ‘puta
695 3598 787 3662 pretia.
820 3597 885 3646 Post
906 3596 1060 3646 mentionem
1082 3608 1168 3658 apum,
1188 3595 1228 3644 ita

130 3669 196 3718 enim
208 3671 375 3722 dnoaediiicia
384 3672 500 3721 excitata
508 3685 572 3734 esse,
583 3670 658 3720 ambo
697 3675 748 3725 ait:
765 3674 892 3738 ‘quarum
908 3671 1008 3735 agmina
1020 3668 1105 3719 densis
1114 3669 1145 3718 In
1156 3670 1228 3720 silvis

128 3748 210 3812 paria,
219 3763 292 3813 aeque
302 3749 414 3812 excelsa,
424 3762 497 3812 aeque
505 3745 659 3811 magnifica!
697 3751 765 3801 tauri
786 3747 927 3814 liquefacto
944 3760 1053 3810 corpore
1073 3753 1136 3796 ueta
1160 3748 1227 3797 Con-

129 3823 273 3874 Emmcuess.
696 3826 783 3876 sertim
795 3825 868 3874 sedes
878 3824 984 3888 antiquo
1004 3823 1030 3871 in
1049 3823 1141 3872 robore
1153 3836 1228 3888 quer·

161 3905 208 3949 551
226 3900 313 3962 Ducit]
329 3899 502 3949 Verbumhoc
520 3903 658 3962 rtsorpatur
696 3918 742 3953 cus
759 3900 881 3951 Conditas
906 3900 1000 3963 legere,
1020 3905 1100 3963 atque
1122 3912 1227 3963 operam

129 3973 162 4022 de
175 3973 266 4024 iisoou
279 3974 658 4040 tantrrm,quiducebanturad
696 3978 817 4030 navantis
835 3976 920 4039 melli,’
933 3980 982 4026 &c
1015 3977 1109 4040 Itaque
1130 3976 1228 4040 statim,

129 4049 295 4113 supplicium,
305 4057 334 4100 ut
350 4051 423 4102 Suet.
440 4052 467 4099 in
478 4050 560 4114 Calig.
573 4065 596 4101 c.
615 4055 658 4101 27.
697 4064 727 4106 ut
744 4062 814 4104 natae
833 4069 865 4104 ex
883 4060 957 4102 tauro
976 4059 1044 4115 sunt,
1056 4049 1188 4103 confluunt
1198 4050 1226 4101 in

128 4129 250 4180 ‘acalvo
261 4131 294 4180 ad
305 4133 408 4181 calvum
423 4130 484 4180 duci
496 4131 658 4195 imperarit?
697 4133 824 4182 arborem.
868 4130 927 4180 Hoc
950 4128 1030 4179 etiam
1054 4127 1129 4178 initio
1150 4128 1227 4192 hujus

130 4205 226 4268 eicio.
237 4207 659 4275 Catilio.1.n.com.uep.mu.
696 4207 758 4260 lihri
776 4205 897 4273 Virgilius
913 4220 946 4258 eo
967 4220 1044 4258 versu
1072 4203 1226 4272 ‘Obviaque
