2744 4696
491 339 634 388 virori..
678 337 814 387 cnoro.
835 337 877 386 rr.
1140 317 1234 384 -1861

125 499 191 549 quse
212 489 255 533 est
270 484 348 547 juxta
367 472 509 534 Oceanum.
534 481 593 532 irinc
616 486 665 544 est,
702 486 743 530 ret
768 480 845 528 Solon
872 490 992 541 sponsam
1021 472 1234 524 cousuetudine·

134 559 399 608 Extremisimorbs's.
416 558 537 606 Servius.
702 571 760 603 cnm
777 568 870 616 sponso
890 551 1089 612 accubitumque
1107 547 1235 611 auspicari

127 672 131 681 .
166 635 260 682 Οςιοιιο
276 649 344 697 prop.
367 632 435 694 ind]
452 633 518 681 Vide
538 632 607 681 Piiu.
625 644 664 678 vr.
702 631 769 679 malo
785 629 910 692 Cydonio,
927 640 1017 676 recens
1036 626 1068 673 ab
1086 638 1118 672 ea
1135 628 1235 685 rareto,

133 711 172 758 18.
200 708 342 758 ruinosa.
703 696 1235 761 subhisvsrbisplutarcu.usumin.

166 782 250 844 Gerit]
265 782 318 832 Pro
329 783 419 843 habet,
430 789 460 832 ut
470 783 540 845 olibi,
555 782 665 844 Virginis
701 782 716 828 δ
733 779 814 831 Σόλων
828 777 921 828 ἐκέλευε
937 778 982 835 τὴν
996 775 1087 838 νύμφην
1100 777 1134 836 τᾷ
1147 772 1236 836 νυμφίῳ

131 858 326 921 calamitasque
334 872 428 919 gerens.
453 857 567 919 Philarg.
703 855 932 918 συγκατακλίνεσθαι
949 852 1027 913 μήλου
1043 849 1150 900 κυδωνίου
1164 866 1236 899 κατα·

166 938 213 983 123
231 931 308 993 A'e'ra]
324 932 391 981 A'e'ro
411 932 510 994 οτὺοοὶο,
528 947 596 980 nunc
617 944 665 994 pro
701 933 845 996 τμαγοῦσαν,
865 926 1177 991 commonstrantes,
1197 925 1235 974 ὅτι

128 1009 283 1059 cacumine:
301 1013 347 1057 aut
363 1008 449 1057 aerem
465 1022 525 1056 eum
536 1007 609 1069 dicit,
620 1007 665 1070 qui
702 1010 740 1056 tet
754 1008 800 1065 τὴν
818 1005 864 1055 tro
883 1004 1008 1067 πόματος,
1023 1003 1062 1053 καὶ
1072 1004 1149 1065 φαινῆς
1166 1000 1236 1064 χάριν

133 1085 204 1134 circe
212 1097 336 1133 cacumen
347 1089 396 1133 est.
424 1083 535 1143 Piilorg.
702 1078 1061 1146 sodppoororsirmrpbmrrai
1070 1079 1156 1138 ἡδιῖιιν.
1173 1078 1235 1127 Νοιι

130 1185 135 1206 2
167 1158 516 1220 Ubioi'rsoisoerrsummum]
529 1157 666 1206 Pcrtlnont
702 1160 805 1209 videtur
832 1166 917 1209 tamen
943 1159 1022 1206 malus
1049 1159 1164 1207 Cotonea
1193 1153 1237 1202 vel

131 1236 183 1286 ista
200 1235 236 1284 ad
253 1235 457 1298 exaggerandam
479 1237 664 1297 proceritatem
703 1235 821 1298 Cydonis
832 1232 915 1283 felicis
926 1233 986 1281 moli
995 1231 1163 1295 descriptioni
1175 1241 1235 1279 oon·

134 1311 255 1360 unorum
269 1310 435 1379 Indicarum.¹
452 1309 547 1358 Strabo
559 1323 605 1357 xv.
618 1306 666 1356 δέν·
703 1311 800 1358 rcuirs.
827 1310 966 1357 Germanus.

133 1389 177 1449 δρα
186 1383 305 1449 παράδοξα
314 1385 331 1444 ἡ
339 1385 423 1442 Ἰνδικὴ
432 1383 585 1448 τρέφειιίιή
595 1385 666 1433 ludio
737 1387 827 1447 Medio,
833 1384 886 1446 tro]
898 1382 1047 1446 Descriptio
1053 1381 1111 1430 moli
1120 1380 1235 1429 Medico:

129 1461 413 1515 nrboroesltromodum.
439 1460 666 1511 Plin.v11.2..lr·
704 1462 777 1524 cujus
800 1459 901 1510 fructus
930 1459 1022 1507 Malum
1054 1456 1183 1516 Modicus,
1208 1460 1236 1504 et

134 1536 200 1586 ireres
213 1538 307 1600 quidem
322 1541 397 1585 τοκέα
410 1536 560 1599 proceritatis
571 1538 667 1584 trudun-
704 1538 838 1601 Assyrium,
848 1543 876 1585 ct
894 1535 1006 1583 Citrium.
1039 1532 1123 1582 Etiam
1137 1530 1237 1580 Plinius
1263 1593 1267 1604 Ι

135 1612 326 1674 tur,utsogittis
334 1612 440 1674 superori
450 1617 570 1674 ιιοοιιοοιιε.
592 1611 667 1660 Cete·
704 1628 762 1662 curn
774 1611 892 1675 Virgilio,
907 1610 955 1659 nisi
972 1608 1040 1672 apud
1057 1607 1149 1657 Medos
1167 1614 1194 1656 et
1210 1606 1238 1655 in

133 1696 192 1737 r'um
209 1687 297 1736 ursei
318 1685 475 1750 ὑπερβάλλειν
496 1686 594 1748 dicunt,
611 1686 668 1734 iro·
706 1689 824 1750 Perside,
845 1701 896 1735 ron
918 1686 990 1735 nasci
1012 1690 1138 1733 testatur:
1159 1695 1238 1746 quem

130 1761 259 1825 ιωντίζειν,
281 1760 458 1826 ιἰτεραιοττύειν.
478 1762 538 1809 Vel.
558 1761 666 1810 Flaccus
706 1765 765 1813 vide
783 1777 834 1812 xrr.
852 1767 876 1811 3.
895 1769 923 1811 et
939 1760 1003 1810 inibi
1022 1760 1190 1821 Duleciramp.
1207 1762 1239 1807 ut

131 1837 233 1899 Argon.
250 1851 289 1886 vr.
305 1837 342 1887 ita
362 1837 471 1887 extulit:
491 1835 668 1885 Deosiorloud
706 1845 734 1887 et
755 1838 874 1887 Macrob.
895 1852 937 1887 111.
958 1842 998 1886 19.
1021 1835 1130 1886 Quando
1149 1842 1236 1884 autern

131 1928 246 1977 unomen,
259 1929 302 1962 neo
316 1913 400 1962 celsior
420 1912 507 1962 extulit
526 1912 586 1960 ullor
601 1911 669 1959 Silvo
707 1914 755 1963 lroc
765 1915 857 1962 malum
867 1913 1053 1976 eitriamuram
1061 1925 1118 1960 sero
1128 1908 1240 1973 factum)

132 1988 223 2050 modu,
235 1988 351 2051 fessoque
367 1988 437 2051 prius
456 1988 546 2036 redicre
562 1986 669 2049 sagitto,
706 1990 751 2039 edi
770 1990 888 2052 coeperit,
915 1989 993 2038 docet
1018 1987 1182 2036 Cosanbonus
1205 1985 1238 2034 ad

134 2064 236 2113 Arboris
257 2067 289 2113 od
312 2080 427 2125 sanorum
449 2079 521 2126 quom
543 2076 668 2126 pervenere
707 2066 802 2116 Athen.
825 2079 868 2114 ιιι.
887 2069 911 2113 7.
926 2079 1009 2128 ‚quem
1023 2062 1082 2112 vide
1100 2077 1159 2126 pag.
1182 2064 1239 2111 1⁰1.

132 2155 252 2199 corum
270 2140 438 2204 empitillum
447 2140 570 2202 Scaliger.
588 2140 671 2187 Luca·
707 2144 792 2207 Vulgo
803 2129 937 2210 Qstissii.
963 2140 1107 2189 rotomum.

134 2231 185 2266 uus
193 2217 241 2268 ait:
251 2217 572 2277 Ethet'tiltiiigenimilm.
591 2213 670 2263 Cerd.
742 2220 886 2281 Tatiumque
901 2232 1007 2280 &limem
1018 2215 1104 2264 Felicis
1119 2213 1187 2277 mali]
1202 2210 1238 2261 Α.

170 2295 218 2342 luo
231 2293 285 2341 Noa
294 2292 376 2354 turdo]
386 2291 418 2341 ld
430 2297 478 2354 ast,
488 2289 670 2340 strenuissima.
707 2295 761 2358 pud
776 2296 869 2344 Medos
887 2295 1001 2343 nascitur
1018 2289 1139 2355 quadam
1151 2289 1238 2352 arbor,

132 2381 197 2429 ,natu
209 2367 327 2431 Liptotes
338 2367 481 2432 figuraest.
508 2366 613 2415 Servius.
708 2368 794 2418 ferens
816 2371 893 2431 mala,
914 2384 971 2433 quse
991 2367 1092 2415 medica
1111 2371 1237 2414 vocatur:

172 2446 221 2493 luo
237 2443 320 2491 Medio
336 2441 390 2501 fert
412 2442 490 2491 tristis
510 2440 599 2502 succos]
627 2441 672 2502 Di,
709 2460 784 2508 quam
802 2459 847 2508 per
865 2443 1026 2507 periphrasin
1043 2441 1166 2503 ostendit,
1181 2439 1237 2502 ejus

132 2517 192 2567 sine
209 2516 284 2566 sibilo
301 2516 458 2581 proferenda
475 2525 530 2566 est:
550 2518 671 2566 Graccum
708 2520 868 2583 supprimens
895 2532 994 2567 nomen.
1028 2517 1093 2564 hanc
1120 2517 1239 2579 plerique

136 2593 207 2642 enim
218 2609 311 2643 nornen
327 2600 377 2658 est,
395 2601 423 2644 ct
441 2593 528 2644 Media
538 2592 672 2658 provincia
710 2596 804 2644 citrum
814 2596 919 2655 volunt;
936 2593 1003 2657 quod
1021 2598 1099 2654 negat
1113 2592 1239 2654 Apulejus

138 2675 191 2720 ost.
218 2669 294 2721 Idem.
567 2732 568 2736 Ἰ
709 2671 820 2719 inlibris
838 2684 901 2734 quos
919 2669 952 2717 dc
968 2668 1101 2716 arboribus
1118 2667 1237 2728 scripsit:

172 2745 257 2801 Medio
268 2744 324 2804 fert
340 2745 419 2793 tristis
432 2760 519 2807 ιιιοοος,
533 2746 673 2808 tardumque
708 2753 737 2796 et
756 2745 833 2795 docet
854 2746 929 2808 longe
949 2744 1019 2793 alind
1041 2757 1120 2806 genus
1141 2741 1239 2791 arboris

137 2819 256 2882 ςοροτιιιι]
273 2822 337 2872 Pars
357 2820 509 2870 Parthorum
527 2820 617 2869 Media
632 2825 673 2869 ost
709 2836 774 2872 esse.
811 2817 1020 2870 Tardum'untem
1040 2817 1240 2882 soporemdicit,

137 2894 272 2958 appellata
293 2911 309 2943 a
329 2895 419 2957 Medo,
444 2895 498 2946 filio
520 2895 624 2945 Medeae
646 2900 673 2944 et
710 2898 753 2946 rix
764 2897 959 2960 intelligibilem,
967 2895 1037 2959 quod
1046 2895 1084 2944 illi
1094 2895 1127 2943 ad
1137 2908 1240 2945 carnem

137 2970 230 3034 AEgaei,
250 2977 280 3019 ut
296 2970 426 3023 existimet
442 2973 534 3034 Varro,
553 2973 597 3035 qui
614 2985 674 3035 qua·
710 2973 820 3022 mediam
840 2973 900 3022 citri
919 2971 1043 3021 referunt.
1079 2973 1146 3020 Nam
1159 2971 1241 3034 prima

139 3050 200 3095 tuor
208 3046 288 3095 libros
300 3046 333 3095 de
344 3045 498 3109 Argonautis
509 3047 601 3096 edidit.
625 3045 674 3094 Ar·
710 3055 738 3098 et
748 3048 855 3097 interior
866 3046 941 3097 facilc
953 3062 1026 3097 suurn
1040 3048 1155 3097 ostendit
1168 3061 1242 3110 sapo-

139 3120 189 3170 bor
198 3128 294 3184 autem,
302 3137 360 3185 quar
369 3121 674 3185 describituraVirgilio‚
706 3137 773 3172 sem.
799 3122 904 3173 Seruius.

139 3198 259 3248 nascitur
280 3197 384 3262 quidem
404 3199 429 3246 in
449 3199 536 3260 ltalia,
554 3198 601 3247 sed
622 3211 673 3247 non
745 3197 838 3259 Medio]
856 3199 993 3247 Salmasius
1015 3198 1084 3246 Plin.
1104 3197 1242 3249 exercitat.

140 3277 182 3322 est
190 3272 307 3336 ejusdem
318 3271 437 3333 effectus,
449 3273 523 3336 cnjus
534 3273 560 3321 in
572 3273 673 3322 Media:
712 3290 738 3338 p.
750 3279 807 3324 966.
827 3275 919 3323 asserit
935 3275 961 3322 in
977 3275 1026 3323 hac
1040 3274 1170 3323 sententia
1185 3273 1242 3324 sere

136 3349 521 3413 ,etappellatnrliododuphne
550 3349 649 3398 Probus.
711 3361 797 3398 omncs
814 3350 932 3412 antiquos
946 3347 1132 3412 fuisse‚rirpsor
1147 3356 1176 3399 ct
1192 3364 1243 3398 ma·

176 3424 261 3472 Medio
282 3423 335 3483 fert
356 3424 434 3475 tristis
454 3425 543 3487 succos]
571 3423 675 3483 Μηδικὸν
711 3425 763 3472 lnnr
775 3424 915 3486 Medicum,
928 3438 977 3473 nec
993 3439 1043 3473 non
1061 3424 1243 3494 Hespepidum‚

135 3501 228 3563 μῆλον,
255 3501 323 3564 qnod
343 3507 371 3550 et
393 3499 449 3562 sior,
472 3501 560 3550 Grmoi
580 3502 674 3549 malum
711 3499 780 3549 idem
791 3497 876 3549 fuisse.
899 3501 1021 3562 Galenus,
1032 3500 1133 3562 Aetius,
1143 3507 1171 3549 et
1182 3500 1240 3550 alii:
1331 3557 1334 3561 ⁴

141 3576 248 3626 citrium
258 3584 367 3626 vocant:
383 3578 428 3626 sed
439 3591 491 3626 non
501 3577 563 3626 satis
572 3582 675 3626 constat
712 3573 790 3636 unitio
800 3574 958 3633 Μηδικλλτδ
966 3573 1060 3638 κ1τριον.
1093 3577 1175 3623 Vetus
1190 3573 1243 3636 epi·

140 3651 190 3701 hoc
205 3652 343 3716 significari
354 3669 369 3702 ι
380 3653 497 3716 Virgilio.
530 3652 674 3716 Cydonium
713 3666 827 3714 gramma
843 3653 953 3700 nondum
973 3651 1080 3712 editum,
1093 3650 1135 3699 cni
1150 3650 1241 3698 titulus

141 3727 247 3790 malum,
257 3728 326 3793 quod
338 3729 482 3778 Cotoneum
498 3728 597 3777 Medici
608 3728 675 3777 acci-
712 3729 755 3778 De
768 3728 863 3779 Citrio:
886 3729 959 3791 b'cpto
974 3729 1063 3776 nocent
1078 3726 1151 3788 spinis
1161 3723 1243 3783 felicis

142 3802 227 3866 piant,
239 3804 340 3852 videtur
350 3805 464 3867 ejusdem
474 3818 540 3867 pene
552 3820 608 3854 cum
625 3805 674 3854 hoc
710 3818 808 3852 mero
818 3804 875 3852 moli
893 3805 953 3858 Quo
967 3803 1023 3851 tulit
1040 3809 1067 3851 ot
1082 3801 1150 3850 sitris
1159 3814 1243 3848 οιιςιτις

142 3877 440 3943 Medico‚quodounqno
459 3880 502 3943 sit,
517 3895 574 3928 esse
590 3879 676 3930 effica·
711 3883 850 3927 mtumor.
879 3876 1243 3941 Hippomenesoicittolt'ocrto·

142 3952 200 4014 circ,
211 3967 321 4016 namque
342 3960 491 4016 usurpatum
511 3970 526 4003 a
544 3955 675 4004 veteribus
711 3954 773 4002 ntiae
789 3955 858 4014 mdo,
880 3955 947 4003 Talia
963 3969 1033 4016 pomo
1048 3966 1126 4001 oensis
1142 3950 1243 4013 mestit
1338 3980 1348 3985 -

141 4042 175 4078 ex
184 4027 328 4078 Plutarcho
338 4036 458 4079 constare
467 4029 571 4080 videtur
587 4030 620 4079 sd
633 4031 676 4078 lra-
713 4029 878 4092 Hesperidum.
905 4028 970 4077 Inde
981 4029 1007 4075 in
1019 4027 1117 4077 Glossis
1129 4025 1242 4075 Graecol.

141 4103 204 4152 litus
232 4104 480 4154 commendationem
508 4113 536 4154 et
567 4106 675 4168 gratiam
713 4103 805 4167 irrepis
820 4103 925 4164 dicium,
942 4110 970 4151 et
986 4103 1012 4150 in
1032 4107 1154 4152 onomast.
1171 4101 1243 4151 (irae-

142 4178 339 4246 conciliandam,
349 4181 398 4233 hoo
409 4180 513 4246 indicio,
523 4181 677 4265 qnodjsbs·
714 4180 765 4232 ool.
781 4178 888 4243 οἱςτίιιιιι,
904 4174 1015 4237 urinis
1041 4179 1084 4229 Do
1103 4178 1171 4230 malo
1187 4177 1244 4228 Me·
