2744 4696
189 304 290 379 1962
533 315 643 365 norm
664 313 931 365 ventorumne
980 320 984 325 ·

191 469 296 527 exeunt,
312 460 478 526 plerunqne'
471 460 620 530 rpsnmpin
635 459 720 509 issol-
756 454 918 520 attingendus
937 452 1025 518 6444444
1041 450 1220 516 prolambere:
1243 466 1294 502 rer·

190 548 271 591 runt.
288 547 327 602 ut,
344 537 509 602 Hippodame
525 536 719 600 Hippodamia:
756 546 836 581 44444444
850 535 967 594 repones
984 531 1059 581 1444461,
1094 530 1130 580 Et
1142 529 1294 594 Properti

193 616 325 676 Penelope
351 614 502 675 Penelopia.
545 612 644 661 Fabula
662 609 721 659 46114
757 620 801 657 444.
819 605 1000 666 Qsomefomo
1015 607 1162 655 1464444444
1179 603 1302 655 64111614.»

189 696 246 740 est:
270 689 434 753 Hippodame
455 687 508 737 filie
529 685 579 735 fnit
596 684 722 747 OEnomni,
758 681 800 731 Ab
811 683 910 733 Nostro
922 681 1001 731 ovid.
1016 682 1084 732 Met.
1095 694 1148 730 vu.
1168 679 1294 730 4444441-

191 764 259 828 regis
280 764 359 812 Elidis
378 769 406 813 et
428 763 562 812 Pisnrum:
580 760 622 809 bic
642 771 721 824 equos
757 759 804 807 tere
830 758 910 819 144464,
933 761 1040 818 rectoque
1064 756 1176 805 4444144444
1203 759 1294 804 tmen.

189 839 280 890 hebuit
291 839 471 899 velocissimos,
482 842 575 900 utpote
585 841 720 884 ventorum
757 835 793 883 Et
804 834 880 883 aliter
899 832 967 884 Plio.
978 833 995 882 1.
1007 847 1035 883 v.
1053 831 1139 896 Epist·
1155 831 1249 885 Diebus
1265 847 1292 879 so

187 912 253 964 iietn
264 920 376 973 creatos,
393 911 437 976 qni
451 926 544 974 procos
555 909 614 958 tiliae
624 910 719 958 4661444
756 908 862 957 merrom
871 909 958 970 rogito,
976 909 999 957 41
1010 923 1056 971 prm
1067 922 1105 957 me
1113 908 1204 970 possiam
1213 908 1294 957 tollere

189 989 302 1050 necavit,
328 987 443 1036 subhac
466 984 613 1034 4466141664
631 997 721 1047 provo·
758 981 835 1032 1444444.
880 983 932 1032 Per
955 982 1094 1046 sententie,
1117 982 1221 1033 44164641
1242 982 1293 1031 elio

190 1069 263 1113 46444
289 1062 323 1110 641
344 1062 432 1109 curule
453 1058 603 1116 1444464646,
626 1064 656 1107 64
676 1064 721 1107 snt
757 1063 898 1121 conceptu,
919 1064 961 1108 est
982 1058 1009 1107 in
1025 1057 1159 1121 VelArg.
1182 1072 1203 1106 r.
1220 1058 1294 1121 Er'pe

188 1137 273 1187 victus
290 1135 405 1185 traderet
416 1133 503 1195 filium,
518 1139 564 1183 unt
580 1133 663 1182 victor
676 1146 720 1181 ue·
757 1149 794 1183 me
810 1133 913 1196 populis,
946 1140 970 1183 44
993 1133 1091 1183 14644641
1111 1133 1195 1183 rubii«
1214 1138 1298 1193 terrae.¹

188 1218 271 1262 noret.
299 1212 396 1260 Postea
406 1225 464 1259 cum
475 1211 600 1273 Pelopem
613 1215 721 1259 amasset
758 1208 843 1272 Optat
854 1210 921 1258 enim
932 1210 1017 1260 attolli
1034 1223 1112 1272 supro
1122 1211 1228 1259 bnmnnr
1238 1223 1292 1272 grn-

188 1286 371 1352 Hippodsmis,
389 1287 504 1350 corrupit
523 1287 657 1349 Myrtilum
677 1300 720 1335 su·
758 1285 794 1339 tia
803 1286 842 1334 461
854 1285 993 1350 Principis.
1026 1285 1114 1335 Cerdo.

188 1361 269 1427 rigam
288 1362 378 1425 petris,
398 1361 473 1425 primi
487 1362 719 1425 coituspsctione:
792 1362 970 1426 Τ411444146464]
995 1361 1056 1413 Qus
1073 1358 1225 1412 memorium
1243 1358 1296 1408 mei

188 1438 231 1502 qni
243 1436 319 1487 fertis
330 1436 413 1487 cereis
423 1438 521 1500 axibus,
531 1453 607 1501 quom
621 1438 720 1489 victore
757 1433 850 1485 focium
858 1436 1007 1500 longiorem,
1015 1434 1139 1498 erigendo
1146 1448 1293 1484 monumen·-

186 1513 285 1576 Pelope
304 1528 320 1561 6
339 1513 424 1575 puella
437 1512 589 1575 promissum
600 1517 720 1575 posceret
757 1514 821 1573 tum,
832 1511 902 1576 qnod
910 1512 945 1561 sit
954 1525 1007 1560 aere
1017 1510 1165 1574 perennius,
1173 1510 1217 1558 vel
1225 1509 1292 1574 quod

187 1589 331 1651 premium,
349 1587 381 1636 41)
398 1588 452 1650 ejus
472 1587 562 1636 morito
575 1586 720 1650 644441ρί46-
757 1586 820 1635 mibi
846 1586 971 1651 scriptori
999 1591 1062 1635 noto
1081 1585 1188 1647 longum
1210 1599 1291 1634 6446444
1351 1636 1354 1642 ,

166 1663 350 1721 ,4641646644
365 1669 415 1723 444,
432 1661 719 1725 cuinomenimposnit.
757 1667 888 1725 proroget.
905 1667 936 1711 ut
952 1660 1046 1711 Horat.
1065 1659 1099 1711 de
1118 1665 1170 1710 444.
1189 1675 1218 1724 p.
1235 1663 1290 1710 346.

191 1753 250 1788 6646
268 1739 301 1788 nb
313 1752 344 1787 eo
359 1738 481 1800 Myrtoum
499 1736 547 1786 (144
541 1743 593 1786 4464
604 1737 719 1800 pelagus
758 1736 901 1785 Ermuertess.

87 1858 97 1879 Ι
190 1813 267 1863 Idem.
793 1810 884 1873 Victor]
901 1809 1015 1862 Effeotor
1026 1809 1166 1874 propositi
1184 1825 1225 1861 444
1232 1824 1291 1876 prn-
1336 1798 1346 1810 '

222 1887 371 1949 Humeropne
390 1887 507 1949 Pelope
497 1887 598 1949 4444164414
623 1885 719 1948 41444644]
757 1885 782 1934 14
794 1891 861 1949 post,
877 1885 920 1934 1114
929 1886 1006 1937 terrm
1016 1900 1067 1947 ego
1101 1885 1216 1936 Servius.

186 1963 318 2023 Tantalus,
335 1970 410 2026 peter
426 1961 541 2025 Pelopis,
557 1963 645 2010 volens
662 1962 720 2010 deo·
793 1959 930 2023 Victorque]
948 1960 1038 2022 idest,
1055 1958 1165 2011 effector
1176 1961 1290 2026 proposi·

187 2053 243 2088 rum
256 2045 358 2088 tentare
370 2037 540 2098 divinitatem,
552 2035 719 2093 1641444ῑί4414
757 2037 778 2086 ti
797 2043 823 2085 44
833 2036 896 2086 voti
913 2050 971 2085 num
991 2037 1073 2085 Victor
1090 2036 1292 2100 etiem-dicitnr,

187 2112 266 2161 tilium
285 2126 357 2160 suum
375 2110 531 2174 epulandum
549 2109 685 2173 opposuit:
704 2125 719 2159 s
758 2111 801 2174 qui
822 2109 921 2173 aliquid
941 2108 1070 2174 perfecit:
1094 2115 1125 2159 64
1144 2117 1178 2161 et
1193 2126 1232 2162 vs.
1251 2115 1291 2161 lt.

188 2202 238 2251 quo
256 2185 721 2247 4646444144614416644664,44444446
756 2185 872 2235 'turneb
883 2198 961 2235 xxiv.
972 2189 1014 2234 29.
1050 2185 1199 2243 Tauream.
1282 2228 1290 2253 ·.

189 2263 294 2321 Cerere,
306 2275 363 2323 quse
375 2260 507 2308 1446416646
518 2273 574 2322 eJns
586 2274 719 2323 consump
792 2259 918 2323 Victorque
944 2260 1022 2319 oirupr
1049 2260 1149 2311 44114644
1173 2276 1218 2325 per
1238 2243 1290 2326 4444]Ι

188 2337 232 2387 414.
265 2332 466 2397 Postenpnnito
476 2335 592 2396 Tantulo,
608 2349 666 2384 cum
684 2336 719 2384 dii
757 2335 871 2384 Martini.
885 2334 917 2384 sd
935 2350 1007 2385 snum
1025 2333 1188 2386 1114464664
1207 2336 1290 2387 AEtlte·

187 2409 329 2460 volnissent
354 2423 411 2472 epus
432 2406 513 2456 filium
536 2423 659 2460 revocure
685 2409 718 2459 ab
755 2412 813 2472 rior,
834 2411 928 2472 1444144,
948 2412 1013 2474 eripis
1030 2411 1130 2463 uolitare
1147 2426 1192 2475 per
1208 2426 1288 2465 4444444.

188 2484 287 2548 inferis,
304 2486 383 2535 Ceres
394 2485 418 2533 ei
431 2484 572 2533 eburneum
586 2485 718 2535 brachium
756 2486 836 2534 Flexu
849 2485 899 2534 elio
910 2484 936 2533 in
944 2485 1002 2535 AEn.
1014 2499 1065 2534 4444.
1075 2486 1239 2550 6144446466·
1248 2502 1290 2543 orn

187 2561 309 2611 restituit.
345 2559 421 2612 Quod
443 2558 501 2608 ideo
524 2558 638 2623 fingitur,
659 2561 719 2624 quie
749 2559 851 2619 seretur.
886 2559 956 2609 Ante
972 2560 1095 2609 Nostrum
1109 2560 1214 2617 Enmin
1228 2561 1287 2625 Epi2

188 2635 267 2686 Ceres
288 2635 343 2698 ipse
362 2639 403 2683 est
425 2639 505 2695 44444,
527 2648 583 2696 qum
610 2649 719 2697 corpore
756 2637 826 2699 tuph.
838 2636 910 2684 nolito
919 2637 987 2684 414446
999 2651 1044 2699 per
1055 2650 1096 2683 oro
1106 2636 1195 2686 41444444.
1220 2634 1288 2692 Ante

188 2710 309 2760 universa
328 2708 465 2773 consumit,
486 2723 544 2757 osse
563 2715 663 2759 tantum
680 2725 718 2759 re·
755 2719 893 2776 utrumque
912 2712 989 2760 Pind.
1007 2713 1082 2760 Nem.
1099 2724 1139 2760 vr.
1157 2707 1258 2760 46444444
1269 2712 1289 2758 δ’

187 2800 301 2836 servans.
333 2786 407 2834 Idem.
755 2785 794 2835 iri
808 2806 836 2836 τε
855 2785 937 2852 χθόνα,
947 2785 986 2836 roi
1004 2786 1042 2835 644
1052 2776 1175 2836 tutiores
1189 2784 1289 2846 τηλόθεν

219 2861 327 2910 Homero
338 2859 435 2923 eburno]
464 2860 527 2910 Ideo
548 2862 643 2925 Pelops
662 2861 718 2911 Ste-
755 2862 818 2924 irop'
838 2865 921 2923 64464,
950 2864 1035 2913 Vriitot
1054 2868 1242 2927 superterram,
1261 2868 1285 2913 44

186 2938 224 2986 tio
236 2936 319 2985 Theb.
337 2936 354 2984 1.
369 2950 407 2984 lv.
424 2941 554 2999 4464446444,
573 2944 601 2985 44
618 2937 680 2986 Silv.
691 2952 717 2986 v.
752 2954 795 3001 per
805 2954 870 2989 444444
885 2940 968 3003 procul
977 2954 1060 2988 6446444
1077 2953 1166 2998 eornm.
1199 2939 1286 2989 Talem

186 3016 282 3060 44644464
301 3010 405 3060 dicitnr.
433 3013 538 3075 Deque
555 3012 632 3062 Ovid.
651 3014 717 3062 Met.
754 3013 882 3063 bominem
908 3014 995 3063 Graeci
1022 3014 1114 3064 dicunt
1140 3013 1288 3079 4444866444,

187 3100 226 3136 vr.
239 3090 296 3135 4141.
313 3087 453 3149 Impositum
464 3091 553 3134 estnon
564 3088 718 3150 comparentis
755 3088 823 3152 quod
851 3088 963 3137 omnium
983 3088 1096 3139 vocibus
1129 3089 1286 3153 celebretur.

186 3164 212 3212 144
231 3177 296 3210 suum
316 3162 400 3210 Portis
416 3162 482 3224 ebur,
501 3160 614 3225 sorteque
632 3165 720 3237 Pelops
756 3163 842 3211 Cerdo.

181 3236 235 3296 suti
246 3238 337 3298 integer
346 3237 395 3286 4114
428 3237 521 3288 Tibull.
538 3252 557 3286 1.
574 3243 597 3287 4.
621 3241 662 3288 Ex
673 3241 717 3289 1444
788 3243 818 3287 14
848 3238 945 3286 Primus
966 3253 1008 3300 ego
1028 3239 1054 3286 im
1071 3222 1191 3303 patrium]
1223 3205 1286 3293 14144

186 3327 249 3360 mero
259 3313 407 3375 Peloponnen
417 3313 527 3362 metumtot
538 3315 601 3363 44444.
636 3316 718 3365 Lucu·
753 3314 852 3378 4441444444,
865 3313 933 3377 quod
946 3322 1007 3363 ante
1024 3314 1095 3376 illum
1112 3315 1198 3365 nullus
1214 3317 1286 3369 Men·

188 3385 281 3434 lentius
307 3387 372 3435 bone
401 3386 513 3436 fabulam
536 3397 718 3440 commemoret
755 3396 848 3449 4664464
871 3388 962 3441 Poetu¹
975 3388 1033 3438 furt.
1058 3394 1102 3439 unt
1123 3391 1187 3455 ‚qnia
1204 3393 1286 3443 nullus

187 3461 287 3510 Seneca
298 3461 323 3509 in
334 3463 457 3524 Thyeste.
490 3465 633 3514 Emmerress.
754 3465 848 3527 exinde
860 3464 919 3513 46114
932 3465 1048 3529 emersit,
1080 3464 1186 3516 Seruitus.
1240 3462 1243 3466 ’
1275 3512 1279 3519 .

220 3538 315 3602 844444·
329 3539 402 3601 equis]
427 3538 519 3588 Victor
537 3539 616 3588 etiam
639 3539 717 3589 OEno·
788 3541 886 3589 Primus
894 3555 937 3602 ego
948 3541 974 3588 irs
981 3539 1097 3602 putrium]
1114 3539 1157 3590 Sic
1167 3548 1197 3592 et
1208 3543 1285 3607 Prop.

187 3613 246 3662 mai.
279 3611 382 3662 6444144.
754 3615 822 3664 lm.
831 3615 929 3663 Primus
939 3630 981 3677 ego
990 3615 1110 3677 ingredior
1116 3614 1309 3680 pemsesom'

222 3687 279 3750 Via]
296 3687 505 3751 Ratiojucunda.
539 3688 613 3740 idem.
753 3691 860 3739 4444444144
881 3691 945 3739 14614
961 3706 1005 3755 per
1025 3691 1112 3753 Gmp‘or
1134 3693 1206 3756 orgis
1218 3695 1283 3759 serre

219 3765 262 3813 Me
273 3780 360 3828 qnoque
368 3763 465 3827 possim]
480 3763 554 3814 Sicut
566 3780 594 3813 se
610 3765 716 3816 6111464-
753 3767 843 3815 4144444.
876 3766 1026 3817 Germanus.

186 3842 302 3891 461444464
313 3839 432 3890 carminis
444 3840 543 3890 merito.
576 3841 651 3890 idern.
785 3841 870 3903 Modo]
886 3841 1084 3891 Tantummodo.
1116 3840 1222 3895 Senem
1250 3906 1254 3913 .

219 3921 235 3966 9
264 3917 352 3966 Tollere
373 3916 452 3978 tunm]
489 3917 569 3965 Simili
588 3918 716 3967 sententia
789 3920 844 3985 Vita
859 3921 971 3984 supersit]
998 3920 1101 3980 idest,
1123 3919 1283 3987 longinquius

186 3991 252 4042 Hor.
264 3991 306 4041 od.
317 4005 349 4040 11.
361 3996 385 4041 3.
399 3993 478 4040 044444
488 3993 604 4055 numeres,
613 3999 636 4041 44
646 3995 716 4041 odom
753 3995 899 4061 diutiusque
911 3996 987 4045 adsit.
1015 3997 1058 4046 De
1069 3996 1149 4047 verbo
1160 3996 1282 4062 8444444444

187 4067 285 4130 Spernit
306 4068 400 4117 bomem
416 4066 529 4128 fugiente
547 4082 631 4130 perna.
681 4069 716 4117 Et
753 4072 947 4123 accuratissime
966 4072 1065 4123 Gellius
1088 4086 1109 4123 4.
1129 4077 1172 4124 22.
1212 4073 1282 4135 lbet,-

188 4144 295 4194 Pindar.
307 4144 394 4209 Olym.
411 4157 451 4194 rx.
470 4142 515 4194 ubi
535 4145 580 4207 sit,
599 4143 716 4215 nonsibi
752 4161 831 4198 mmmm
926 4208 928 4212 Ι
