2744 4696
484 344 628 395 ιιιιιιι..
670 345 806 396 naono.
830 345 888 397 ιιι.
1150 332 1238 400 aon

136 501 190 546 tar.
223 489 499 557 laMedieeoqaidem
516 490 669 554 ruboresest,
708 489 811 538 Servius
823 489 927 539 Daniel.
950 489 1240 558 Qualegantflarniaa,

136 570 184 621 sed
194 573 452 633 supra,sonotatum,
468 567 668 631 antiquamque,
708 568 816 616 multum
827 567 940 618 afferunt
952 570 1053 633 leporis.
1088 573 1173 622 Cerdo.
1201 593 1204 598 ·

135 645 285 710 Figuratius
302 651 387 694 tamea
402 650 451 703 est,
468 641 563 690 suberoe
573 642 667 705 legere.
740 647 786 693 011
800 645 905 708 Barim]
920 645 963 694 Sic
976 645 1008 694 de
1020 645 1241 710 quadrupedibus.

135 723 243 774 Pierias
707 719 775 767 Nam
802 720 930 768 hominum
967 719 1073 773 barbam
1107 736 1239 774 vocamus.

168 803 218 849 000
245 797 347 848 Daasior
373 797 427 845 iiaa
453 794 553 858 000000]
588 793 667 843 Binos
706 795 795 844 laeana
823 803 908 845 autem
937 796 1001 845 dicit
1035 797 1134 845 nims'um
1169 812 1239 849 ama.

134 876 204 926 euim
239 875 342 940 pariant
376 873 483 936 capella
515 873 666 936 plerunque.
707 871 833 933 Servius.

134 951 240 1001 Sam
741 950 832 998 Barbas
855 950 995 1029 incanaque]
1022 951 1121 1000 Barbas
1149 950 1239 1001 Greci

167 1030 271 1079 Deseror
294 1028 349 1077 isiae
372 1025 472 1089 0000000]
504 1024 665 1074 Nammeius.
704 1024 937 1089 emeovavocant:
932 1004 1040 1078 Latini
1056 1028 1118 1077 item
1137 1026 1239 1092 epbyaos

135 1105 235 1156 Colum
247 1118 290 1154 ιιι.
300 1109 340 1154 10.
354 1111 382 1153 et
400 1116 451 1152 vn.
461 1106 486 1151 0.
501 1102 666 1165 maiouim,
705 1102 938 1153 aruncumdicuat.
972 1106 1076 1155 haeret
1089 1105 1107 1153 i.
1118 1118 1138 1154 1.
1146 1117 1238 1168 capras

133 1182 155 1231 si
166 1187 200 1232 esi
217 1195 331 1244 generoso
346 1181 432 1244 proies,
445 1178 585 1242 frequenter
601 1180 666 1240 daos,
704 1177 842 1239 barbigeras
855 1181 955 1242 pecudea
976 1181 1103 1230 nominat.
1127 1181 1238 1244 pingues·

132 1272 295 1320 umquam
310 1255 458 1317 trigeminos.
491 1255 533 1303 De
550 1252 667 1314 00000000-
703 1268 754 1303 aere
780 1269 841 1318 aaepe
865 1257 944 1306 00000
964 1258 1113 1318 Barbigesas
1128 1261 1238 1322 penedes,

133 1350 183 1382 noir
193 1333 317 1396 videque
326 1331 435 1380 diximus
445 1331 501 1380 Ecl
514 1344 533 1379 ι.
546 1336 585 1381 li
610 1331 668 1379 lien·
703 1329 1095 1394 hominiquaestaaraaemam.
1130 1336 1220 1385 Germ.

133 1422 229 1458 m
736 1406 869 1470 Incanaque
879 1408 970 1471 mesta]
986 1409 1018 1458 Id
1029 1416 1079 1472 est,
1089 1409 1238 1461 aimmmos·

166 1487 215 1533 eoa
232 1482 310 1538 Quam
323 1480 412 1543 nangis]
444 1481 475 1530 In
492 1481 606 1530 Βοιιιιιιο
623 1493 666 1528 00·
702 1495 780 1530 snex
791 1483 956 1534 consensione
973 1484 1159 1548 Interpretum.
1194 1487 1237 1537 Ita

134 1560 202 1624 dice,
219 1567 247 1611 et
266 1561 292 1608 iu
310 1559 408 1646 aliquot
426 1559 482 1608 aliis
501 1556 666 1622 pervetustis.
704 1559 730 1606 in
743 1572 781 1608 vs.
797 1560 924 1624 incusaque
940 1566 1020 1610 mesta
1037 1562 1112 1623 Regis
1126 1563 1237 1615 Romane

132 1637 235 1701 legitur,
256 1635 309 1692 Quo
328 1635 421 1696 megin
451 1635 538 1698 idque,
556 1640 585 1682 ut
604 1632 665 1680 mihi
704 1635 847 1686 Columella
857 1652 917 1687 usus
934 1638 984 1686 laac
1004 1638 1194 1688 rooeetiamiu
1208 1652 1236 1689 rs
1281 1686 1288 1704 ⁸

133 1714 246 1776 videtur,
263 1714 404 1777 eleganter.
437 1712 530 1760 Missas
548 1723 609 1758 vero
627 1707 665 1756 fa·
703 1711 801 1759 rustica
817 1726 879 1762 vua.
899 1717 923 1762 0.
941 1715 1047 1778 loquens
1058 1714 1091 1762 de
1102 1715 1236 1765 Gallorum

133 1790 174 1839 aio
185 1789 311 1839 dictiones
321 1787 441 1852 quasdam
453 1786 555 1836 inscitia
566 1783 665 1835 librarii
703 1787 787 1836 avium
799 1789 882 1839 notis:
897 1790 973 1853 paieoe
988 1805 1019 1840 es
1028 1791 1100 1840 rutilo
1110 1791 1238 1841 albiam

133 1879 270 1930 perperam
280 1871 391 1913 notatas.
425 1863 530 1912 Pierias.
702 1864 1104 1929 musincmioeiodepandent.
1139 1869 1237 1917 Etru.

167 1939 343 2004 Qunmnwau]
367 1940 444 1991 Hanc
452 1940 614 2004 antiquorum
623 1951 666 1986 se·
703 1941 727 1987 0.
752 1954 836 1988 conam
857 1955 947 1991 mmm
974 1941 1041 1992 dixit
1069 1943 1175 2007 loquens
1203 1943 1236 1992 ds

131 2033 220 2068 aerem
239 2019 265 2067 in
284 2018 411 2083 loquendo
427 2022 478 2066 tam
493 2018 578 2080 magia,
595 2030 665 2081 qum
702 2013 792 2065 wilm.
825 2015 921 2067 Cerda.

131 2097 210 2159 magis
227 2110 278 2146 nou
297 2095 403 2160 reliquit
414 2093 534 2144 Giianlus
552 2094 665 2143 inobser·
734 2094 783 2141 010
801 2093 916 2157 Cinyphii
926 2094 999 2159 birci]
1015 2094 1111 2161 Libyes
1130 2093 1234 2146 alluvio

132 2181 227 2222 vatam.
260 2171 349 2235 Aliqui
368 2171 436 2220 euim
453 2170 493 2218 bie
512 2183 564 2218 non
582 2176 666 2218 atten-
704 2167 834 2231 Cinyphe.
866 2168 971 2221 sarain.

132 2247 224 2298 dentes
236 2246 355 2297 adlatam
367 2247 531 2309 elegantiam,
539 2246 665 2308 scripsere
737 2243 863 2308 Cinyphia]
884 2246 991 2311 Gauii,
1013 2262 1029 2296 a
1049 2247 1167 2314 Cinypho
1189 2248 1237 2299 flua

132 2325 272 2388 qmsnngia
306 2325 399 2387 Neque
413 2335 474 2371 vero
495 2320 604 2384 impedit
621 2320 664 2371 irie
702 2318 771 2368 mine
791 2320 921 2385 Goetuliae,
931 2323 959 2371 id
978 2331 1027 2385 est,
1038 2325 1140 2389 Libyae.
1172 2327 1237 2376 Ton-

131 2401 251 2451 omissam
269 2399 412 2449 membrum
430 2403 488 2449 taen.
532 2397 664 2460 Integram
703 2393 766 2443 dent
777 2400 864 2444 autem
875 2403 1002 2460 pastores,
1013 2405 1042 2448 ut
1054 2399 1087 2448 sit
1105 2400 1248 2464 genitivus

132 2473 666 2543 elegantiamdedltvateainAEmvn.Tum
703 2469 837 2533 singularia
848 2472 1047 2536 cinppilihirei.
1080 2477 1192 2539 Piiinrg.
1229 2480 1233 2487 '

131 2553 376 2616 mgisiiiasremens,
386 2556 411 2601 et
419 2551 498 2600 tristia
509 2550 589 2615 efferas
594 2549 665 2614 stans·
737 2549 852 2613 Cinyphii
862 2551 958 2601 tondeat
976 2551 1050 2615 ibes]
1065 2552 1097 2601 ln
1118 2555 1235 2606 Romano

132 2630 186 2694 saia,
202 2630 280 2687 Quium
294 2628 455 2693 nugiaaffuso
465 2629 665 2678 candescentem
703 2623 794 2674 codice
813 2624 887 2674 birola
911 2627 1021 2691 legitur:
1055 2628 1088 2678 ab
1110 2629 1147 2679 eis
1167 2630 1236 2680 enlm

130 2705 204 2767 gaina
213 2719 308 2770 pagam.
341 2703 434 2755 cerda,
702 2699 801 2750 Lanicii
812 2714 891 2765 geum
903 2701 930 2751 id
939 2702 1059 2752 demitur.
1083 2704 1235 2756 Suutetiam

165 2785 215 2831 0ιο
238 2781 308 2830 lato
328 2779 406 2841 nugis
430 2780 517 2843 prusis
537 2777 665 2829 imbuas
702 2774 805 2825 codices
825 2778 934 2842 antiqui,
950 2779 976 2827 in
998 2778 1091 2843 quibus
1107 2779 1235 2844 scriptam

125 2856 357 2922 flamminia]
373 2858 455 2921 Nota,
465 2870 665 2922 mmmmpecu.
702 2851 851 2916 utileque,
864 2860 893 2904 ut
905 2854 931 2903 in
949 2856 1079 2907 Bucolicis
1099 2857 1177 2906 etiam
1196 2872 1236 2908 os·

133 2935 193 2985 dum
204 2934 265 2985 dial.
282 2935 377 2997 legitur
388 2941 416 2983 et
427 2933 507 2984 abem.
532 2935 647 2999 Philarg.
703 2927 831 2979 tendimus
867 2929 958 2980 leimam
979 2936 1007 2980 et
1036 2932 1145 2997 iisqeam
1175 2944 1236 2983 eun·

166 3009 287 3072 mm]
320 3010 351 3059 iu
376 3010 491 3060 Romano
513 3010 613 3072 codice,
638 3011 664 3060 in
702 3002 770 3054 dem.
803 3004 1106 3072 Sediiguramagnosoit
1121 3008 1234 3061 Priscia-

133 3086 339 3152 Longobardico,
359 3092 387 3136 et
406 3087 503 3151 aliquot
522 3087 579 3136 aliis
604 3099 664 3136 sana
701 3094 757 3131 niis·
785 3081 911 3139 .ΤοοΜ
932 3097 981 3147 pro
1002 3086 1137 3149 tasonem,
1155 3099 1235 3150 quare

132 3179 209 3232 quam
234 3162 376 3226 veteribus,
395 3177 445 3212 nou
463 3160 586 3225 flamina:
618 3161 664 3212 sed
701 3157 762 3207 dirui
788 3159 888 3209 meiius.
932 3163 976 3211 De
1006 3162 1131 3226 Cinyphiis
1161 3163 1236 3213 bimis

131 3241 316 3303 abstulegitur.
349 3238 401 3291 Qui
421 3239 537 3301 legerant
551 3237 622 3287 ubere
637 3237 664 3287 la
702 3234 770 3298 apud
787 3235 949 3286 Herodotum
965 3238 1069 3289 mentio.
1114 3238 1233 3290 Adserte

132 3317 264 3382 superiore
284 3331 371 3379 versu,
390 3316 466 3365 veriti
487 3321 546 3365 sunt
569 3314 664 3378 repeti·
701 3323 764 3360 vero
783 3309 959 3374 scriptionem,
979 3313 1048 3379 quod
1072 3316 1186 3379 quamvis
1207 3315 1234 3365 in

131 3393 230 3444 tionem
248 3394 361 3461 ejusdem
380 3393 498 3444 vocabuli
517 3391 663 3443 ariditatem
702 3386 802 3436 Grauis
819 3387 977 3439 diversorum
991 3395 1125 3441 anctorum
1136 3391 1234 3444 oodiel·

131 3470 253 3520 orationis
266 3485 320 3534 praa
332 3484 360 3521 se
371 3468 458 3520 ferre:
485 3468 595 3536 ideoque
608 3468 665 3517 iia·
702 3464 749 3513 bos
769 3464 908 3528 impressis,
924 3465 1027 3530 κινύφιοι
1044 3469 1169 3534 seriptum
1185 3469 1233 3520 site

131 3547 196 3598 asina
217 3555 413 3612 supposuerunt.
463 3547 515 3596 Sed
541 3547 618 3608 enim,
642 3546 664 3596 ai
702 3540 785 3605 prima
800 3554 849 3605 per
867 3540 932 3603 ibae,
952 3542 1235 3610 secandaperapmir‘,

132 3622 243 3671 animum
261 3624 390 3686 advertas,
409 3624 481 3672 color
497 3622 539 3671 ilie
559 3621 663 3672 dia-endi
701 3619 824 3668 tamenin
842 3619 883 3681 lis,
901 3620 945 3685 qai
965 3635 1041 3670 maun
1059 3621 1149 3685 sorlptl
1166 3626 1235 3683 sont,

131 3710 183 3748 noa
194 3697 270 3748 modo
281 3711 332 3748 uon
344 3697 430 3747 aridos
442 3697 560 3748 videtur:
579 3697 624 3748 sad
636 3704 664 3750 et
701 3693 804 3758 moes
813 3696 896 3760 prima
910 3710 958 3760 par
978 3715 1000 3761 o,
1019 3697 1102 3746 altera
1112 3711 1159 3761 per
1171 3716 1179 3746 ι
1189 3697 1234 3751 las·

131 3774 274 3824 vsaasmtis
295 3774 435 3839 plurimum
455 3774 561 3824 habere.
584 3787 663 3839 qnan-
701 3770 786 3820 betur.
822 3771 931 3821 Pierius..

131 3858 208 3916 qaam
219 3849 395 3915 metaphorica
413 3863 445 3900 ea
461 3850 602 3914 hyperbole
612 3849 664 3914 jiu-
735 3845 857 3912 Cinyphii]
873 3844 897 3895 Α
909 3846 1027 3910 Cinyphe
1038 3844 1117 3896 flavio
1134 3847 1234 3912 Libyae,

130 3923 617 3989 mioeouaiooptimaeomaulat:
634 3931 663 3976 et
701 3924 745 3974 abl
755 3925 869 3988 insignes
880 3924 953 3987 hirei
968 3924 1005 3974 alt
1017 3925 1130 3976 Servius
1163 3925 1233 3974 idam

129 4000 359 4066 incomparabilem
368 4002 497 4066 exprimat
507 4002 662 4053 ubertatem
701 4002 756 4051 tiai.
773 4013 821 4051 vu.
834 4005 875 4050 ul.
894 4000 995 4058 Qualem
1008 3999 1144 4065 sucipibas
1163 4000 1234 4052 mit

130 4077 234 4128 Pio-ias.
699 4079 790 4143 aspiras
806 4079 896 4128 linem
914 4077 1031 4142 Cinyphio
1051 4077 1119 4127 cilia
1132 4078 1231 4169 vassentio.

164 4154 289 4217 mmm]
304 4154 663 4218 LegeudumubmexNota
701 4154 790 4205 etalii.
815 4154 902 4204 Cerdo.
984 4182 987 4188 -

131 4227 222 4286 orfea
238 4229 434 4286 inLacrstium.
456 4231 663 4300 itastiaaiiagli
732 4229 857 4300 deeuti]
888 4229 992 4282 bleisa.
1002 4233 1028 4280 0.
1036 4180 1234 4284 0000000Μο
1344 4284 1346 4295 ,
