2744 4696
491 333 635 385 uinum.
665 333 820 385 eroon·
839 334 891 395 ro.
1149 322 1240 399 209}

139 458 239 523 ihidem
269 472 348 525 hebes
376 475 552 539 exsrnpiornm
575 490 668 540 conge·
705 431 756 540 piis
779 477 805 526 in
824 492 904 542 porro
935 479 1074 542 modium
1096 480 1144 547 uti,
1170 482 1239 534 Haee

137 552 210 613 mem,
221 556 273 601 tum
284 551 481 618 exzniiis,quom
492 555 623 617 precipue
635 570 668 603 ex
705 552 786 604 socies
806 554 906 618 Trojae,
925 570 984 606 enm
1002 562 1148 621 caperetur,
1166 558 1240 611 eret?
1339 602 1343 609 .

136 626 245 676 Merene
251 634 350 678 nostro.
362 629 399 678 sic
409 628 589 690 Groecepdpos
597 627 668 679 owed
706 630 864 679 Sententiam
876 637 904 680 et
912 632 993 682 verba
1003 633 1071 682 alter
1080 633 1150 684 Prin.
1160 634 1239 698 epist.

134 703 189 765 tw,
208 704 278 767 quod
301 704 467 754 observatum
489 720 505 754 s
527 706 667 756 Germano.
706 718 733 756 v.
744 707 879 770 ‘utpnrm
890 708 988 770 mugnis
1000 706 1175 772 confernmm,’
1186 714 1238 765 dcc.
1302 764 1304 769 ,

136 779 279 828 emonem
376 801 378 805 Α
705 779 748 830 Ad
766 788 867 844 gustum
887 783 955 832 huno
975 784 1042 846 Pup.
1061 784 1123 833 Silv.
1135 778 1179 834 111.
1197 784 1239 834 ‘si

167 854 229 902 Cum
244 860 381 917 properant,
398 855 441 904 nh'r'
456 857 559 905 testritio
568 856 668 916 follibus
704 853 743 904 t'us
773 864 814 905 est
846 872 949 922 aequnre
972 859 1088 922 jutoentiu
1119 856 1238 910 summis?

132 930 217 992 m]
244 929 275 978 ln
297 931 491 994 Longoherdico
516 938 598 982 totum
617 932 667 981 hoc
706 932 793 982 Cerdo.

134 1004 579 1068 desideretur,utis'tnsrisu'ssodidus
588 1022 667 1057 numo.
738 1012 785 1058 117
812 1010 948 1074 Cecropios]
971 1011 1002 1059 Id
1025 1016 1073 1073 est,
1094 1008 1238 1061 Athenien·

135 1095 193 1144 qum
215 1082 305 1131 lectio·
316 1082 391 1132 nimis
412 1082 568 1133 detruncata
589 1090 666 1142 esset.
704 1098 754 1146 ses,
765 1100 781 1134 ι
791 1085 910 1150 Cecrope
928 1102 988 1150 repe
1002 1085 1162 1148 Atticoe,uhi
1172 1083 1239 1150 opti·

134 1155 241 1224 Pierius.
705 1162 995 1213 memeiitnuseuntor.
1029 1161 1133 1211 Servius.

169 1227 283 1280 haustu
291 1230 402 1295 fodidm]
419 1232 542 1285 Plautus:
563 1233 667 1286 ‘Quom
739 1236 875 1300 Cecropios]
905 1239 1030 1302 Cecropios
1058 1237 1108 1286 hie.
1127 1235 1238 1300 Atticos,

133 1301 210 1371 folles
222 1307 316 1356 taurini
326 1308 432 1370 hahent,
448 1322 508 1358 eum
521 1309 668 1373 liquescunt
705 1311 767 1375 quin
774 1312 888 1375 Cecrops
897 1313 923 1361 in
936 1312 1026 1362 Attico
1034 1311 1161 1375 regnavit.
1170 1311 1238 1374 Phih

134 1380 440 1443 petatemmubtfitss
472 1386 584 1447 Phitorg.
739 1387 988 1450 Ceoropim]Attioos
1004 1387 1037 1436 nb
1050 1388 1239 1450 Cecroperege

166 1459 214 1507 itt
243 1457 330 1519 AEtso]
360 1458 393 1506 ln
414 1459 621 1524 Longobnrdieo,
641 1461 666 1509 in
705 1459 872 1512 Athenarum.
905 1461 1055 1525 Diophanes
1072 1462 1099 1510 in
1116 1458 1237 1525 Geopon.

133 1531 314 1595 Medieeo‚‹et
334 1533 509 1598 nliqnotnliis
535 1536 667 1586 codicibus
704 1535 783 1585 hxv.
809 1535 904 1600 ἄριστον
912 1536 968 1598 μέλι
982 1535 1127 1598 veteranio,
1147 1535 1240 1587 καὶτοῦ

133 1608 319 1673 antiquissimis
337 1625 389 1660 non
407 1612 490 1674 AEtuo,
507 1612 553 1661 sed
572 1617 667 1662 antrum
704 1610 985 1674 &rememoraturum
997 1615 1239 1679 optimmnmsldtti-

133 1683 252 1754 hebetur.
284 1686 387 1735 Pierius.
439 1728 442 1734 .
703 1688 888 1750 commentum
906 1691 1054 1753 Hymettiae.
1080 1691 1133 1740 Dio
1144 1690 1238 1756 Chrys.

166 1764 214 1810 111
225 1761 399 1826 innumerum]
410 1763 442 1812 In
453 1763 580 1814 ordinem.
598 1764 666 1814 Sero.
704 1764 780 1814 Oret.
793 1770 834 1815 ³2.
852 1765 884 1816 de
900 1766 976 1817 mehe
991 1766 1090 1816 Attico.
1107 1764 1240 1830 enomere

164 1834 196 1884 Iu
206 1839 339 1902 mmmm]
359 1839 531 1890 Cniiimnchus
553 1840 586 1890 do
604 1840 666 1904 ipsis
703 1857 760 1890 roo:
774 1841 905 1904 purissimi
919 1842 991 1890 sihi.
1002 1855 1059 1891 xiv.
1069 1842 1240 1892 ntmelSieu·

132 1910 293 1974 Cyclopihus
310 1913 336 1961 in
355 1914 426 1976 hym.
443 1915 552 1966 Diones:
570 1914 667 1979 σίδηρον
703 1915 754 1965 ium
777 1912 945 1979 hyperbolice
965 1914 1144 1979 opprimeret,
1162 1916 1237 1980 dixit,

132 1983 263 2056 dpoeohodis
272 1986 422 2040 radromr·
441 1991 486 2041 uhi
500 1990 628 2055 interpres
639 1992 666 2042 ht
701 1993 787 2041 ‘Tum
799 2007 857 2056 quae
869 1993 997 2042 nectareis
1008 1999 1086 2042 vocnt
1103 1991 1135 2040 ad
1152 2000 1238 2043 certu-

133 2065 251 2126 διαδοχῆς.
285 2065 322 2115 Hi
338 2073 424 2117 nutem
439 2083 529 2119 versus
544 2075 603 2118 sunt
616 2069 665 2118 iliis
703 2081 762 2124 rnen
773 2068 920 2131 Hymetton
929 2066 1023 2117 Audax
1039 2067 1129 2131 Hybiu
1144 2065 1237 2118 fuuisz'

131 2139 285 2191 collinum
305 2140 464 2192 eonferendi.
498 2145 596 2209 Supra:
619 2145 665 2196 ‘in
703 2144 777 2193 Idem
787 2144 805 2194 l.
819 2157 849 2195 11.
860 2144 978 2195 celebrat
989 2143 1237 2208 examinuceeropii

131 2231 267 2267 nnmerum
289 2218 439 2285 Faunosque
458 2219 578 2287 ferusque
596 2223 666 2274 vide·
703 2220 832 2285 Hymetti.
850 2220 914 2271 Ideo
922 2220 980 2271 Vol.
992 2221 1056 2286 Arg.
1065 2233 1086 2270 1.
1094 2225 1171 2270 voest
1180 2219 1237 2285 Hy·

132 2293 306 2344 retuderess
341 2296 482 2346 omnam.
702 2303 803 2347 metton
812 2298 945 2360 dulcemet
955 2297 1021 2360 Pop.
1031 2297 1077 2346 Th.
1086 2295 1235 2346 xrs.‘olen·

164 2367 197 2418 ln
206 2371 339 2434 meum]
357 2371 465 2423 Ordine.
493 2374 665 2438 Contrarium,
702 2373 736 2423 tis
744 2374 882 2438 Hymetti,'
892 2379 920 2423 et
930 2374 1008 2425 Ouid.
1020 2374 1097 2424 Trist.
1109 2389 1135 2424 v.
1144 2377 1170 2424 4.
1185 2373 1235 2423 hoo

130 2451 203 2496 extro
217 2461 348 2509 numm,
359 2449 462 2511 inepte3
478 2449 512 2498 de
528 2464 579 2513 qiua
597 2451 666 2501 loen·
701 2449 762 2508 mel,
780 2463 830 2498 non
848 2448 928 2511 eliud,
944 2446 1143 2511 proverbinliter
1160 2448 1233 2497 usur·

130 2520 202 2570 tione
225 2521 366 2572 Lambinus
395 2523 518 2588 prolixius
547 2525 579 2573 ad
599 2526 665 2576 Hor.
702 2529 758 2586 put,
774 2523 816 2573 ‘0
837 2521 937 2572 dulcior
953 2521 998 2571 illo
1015 2519 1106 2584 Melle,
1122 2520 1191 2585 quod
1206 2521 1234 2571 in

130 2594 218 2660 Epist.
230 2610 249 2646 1.
259 2602 286 2647 2.
297 2597 305 2625 ‘
315 2599 437 2650 Quemvis
448 2599 484 2647 nii
492 2607 568 2651 extro
578 2615 665 2651 nume·
701 2597 949 2662 oe1·isAtticnponit
959 2597 1029 2661 epis!
1052 2597 1133 2651 Mart.
1143 2597 1161 2648 i.
1173 2611 1236 2649 1111.

131 2685 189 2723 rum
211 2670 313 2735 fecisse,
334 2675 488 2739 modumque
511 2678 602 2726 turns!
622 2677 665 2726 de-
701 2676 750 2725 hoe
767 2675 818 2723 mei
835 2679 910 2723 vocat
924 2678 1006 2723 stetur
1013 2671 1100 2737 mtto,
1114 2686 1174 2722 oum
1190 2673 1236 2739 nit,

130 2749 596 2803 mmmsinhitudineasalutoribus.
613 2753 665 2803 Sed
701 2748 782 2798 ‘Hoc
803 2748 851 2813 tihi
868 2748 963 2798 Thesei
982 2747 1131 2813 populatrix
1152 2747 1235 2798 mittit

129 2821 165 2873 de
183 2821 222 2872 his
238 2822 319 2874 fusius
334 2824 492 2889 disputatum
503 2828 560 2877 Eoi.
573 2842 612 2878 vr.
623 2833 664 2878 37.
702 2822 824 2886 Hymetti
836 2821 957 2872 Pellodos
968 2837 983 2872 o
994 2821 1064 2872 silvis
1078 2821 1165 2872 nobile
1176 2836 1235 2872 nee·
1259 2823 1261 2827 '

129 2897 277 2948 nomm.
604 2919 607 2923 ·
702 2899 828 2962 turnpis!
857 2899 942 2948 Cerdu

165 2973 276 3040 Foreipe]
303 2976 479 3040 compositum
508 2992 600 3029 nomen
632 2994 665 3029 ex
735 2974 845 3040 Innatus]
862 2975 968 3026 Inritus.
1002 2974 1106 3026 semim.

130 3047 214 3099 formo
222 3056 249 3100 et
259 3053 345 3115 cupio.
362 3052 473 3104 Fortium
484 3054 552 3104 enim
563 3062 665 3106 veteres
735 3052 846 3115 Innatus]
861 3052 894 3102 Id
911 3058 960 3116 est,
977 3051 1077 3102 insitus.
1109 3051 1175 3102 Ideo
1190 3067 1232 3102 au-

130 3116 244 3188 euiidum
256 3127 385 3180 dixerunt.
418 3130 530 3190 Phiinrg.
703 3133 755 3177 tem
766 3127 946 3192 Athenienses,
958 3127 1025 3192 quod
1040 3127 1093 3178 illie
1105 3129 1156 3178 mel
1167 3128 1234 3192 opti·

164 3201 276 3266 Foret’pe]
304 3203 447 3253 Fshrorum
468 3205 664 3254 instrumentum
703 3218 772 3253 mum
783 3203 902 3268 gignitur.
938 3203 1047 3266 Phiturg.

130 3282 182 3340 est,
199 3276 233 3326 de
252 3293 302 3342 quo
322 3279 401 3329 Isiod.
413 3292 461 3328 xx.
474 3284 514 3329 lt.
532 3295 548 3329 n
558 3280 666 3340 formum
738 3279 825 3341 Urget]
841 3279 948 3328 Premit.
981 3278 1086 3329 Smos'us.

128 3353 249 3416 cupiendo.
261 3354 377 3414 formum,
387 3357 428 3404 vel
439 3355 539 3415 fornum
555 3362 584 3406 nt
596 3357 664 3407 Non.
733 3353 809 3403 Amor
818 3360 888 3416 urget
896 3353 1008 3418 habendi]
1026 3356 1192 3419 Comparatio
1203 3372 1234 3408 eo

129 3429 216 3479 Mure.
236 3445 260 3479 c.
280 3434 320 3481 13.
342 3436 409 3480 teste
431 3431 546 3481 Cassiod.
569 3432 602 3483 de
624 3447 663 3481 or·
702 3430 826 3493 pertinet,
837 3437 867 3480 ut
879 3430 964 3480 videus
982 3447 1043 3495 opes
1059 3447 1114 3482 esse
1124 3434 1234 3485 lahorio-

129 3502 217 3568 thogi.
234 3520 272 3556 ru.
293 3515 393 3557 veteres
414 3507 536 3557 dixerunt
554 3509 663 3559 calidum.
701 3505 821 3567 sissimus,
835 3513 862 3554 et
883 3506 945 3555 nulii
962 3507 1043 3556 labori
1057 3523 1167 3571 parcere
1178 3524 1233 3574 proe

129 3579 540 3646 siinsoriginesrepudiotcharis.
549 3583 663 3636 Granum.
701 3581 837 3632 retinendo
850 3585 934 3634 melle.
967 3585 1030 3634 Ideo
1041 3585 1134 3648 Poeta,
1144 3588 1152 3614 ‘
1162 3601 1234 3636 amor

127 3657 181 3707 ιι.
212 3658 356 3708 Eumenem.
532 3706 535 3711 ,
701 3667 779 3723 urget
796 3660 922 3710 hohendi.¹
951 3662 1016 3711 Plin.
1034 3677 1057 3710 c.
1070 3666 1094 3711 6.
1110 3663 1232 3711 ‘Nullus-

164 3737 213 3782 1⁷6
229 3733 257 3782 Si
266 3750 341 3798 poton
352 3736 406 3784 h'oet
417 3752 550 3800 componere
559 3738 664 3801 mugnis]
702 3751 762 3800 que,
774 3752 831 3785 oum
845 3752 891 3800 per
903 3739 994 3786 coelum
1009 3739 1090 3798 licuit,
1100 3738 1153 3786 otio
1164 3737 1235 3800 perit

129 3807 280 3859 Herodotus
300 3826 400 3874 quoque
424 3813 524 3862 Histor.
541 3815 559 3862 l.
574 3828 604 3863 n.
628 3815 664 3862 itu
702 3811 771 3862 dies:
798 3812 923 3861 'lheodot
946 3812 1018 3874 dixit,
1048 3812 1235 3862 ‘laboriosissi-

129 3883 207 3943 dixit,
226 3886 256 3934 ὡς
276 3884 332 3934 εἶναι
352 3888 437 3951 σμικρὰ
447 3891 522 3937 ταῦτα
537 3888 663 3950 μεγάλοισι
701 3902 767 3935 mrim
790 3901 864 3949 opum
885 3887 982 3947 genus!
1004 3894 1032 3936 et
1054 3888 1145 3936 AEiian.
1172 3886 1234 3950 ζῶον

129 3959 282 4021 συμβαλέειν.
302 3964 344 4012 lto
355 3965 432 4013 etium
444 3968 501 4016 Eoi.
509 3980 528 4015 1.
541 3971 547 3992 ‘
561 3969 596 4015 sic
607 3984 662 4030 por·
702 3960 888 4024 φιλεργότᾱτονῑ
925 3963 1014 4011 animal
1040 3963 1234 4026 ‘’mmmmm-

128 4037 569 4103 vitcomponeremugnasoiehum.'
584 4042 661 4092 ovid.
703 4040 779 4088 Hunc
801 4038 915 4089 lahorem
937 4047 964 4088 et
986 4040 1096 4089 studium
1119 4040 1234 4104 explicet

127 4103 212 4173 Trist.
225 4127 245 4162 ι.
258 4118 282 4163 d.
302 4115 323 4163 si
342 4130 393 4164 noo
413 4116 502 4178 verba,
517 4124 589 4165 certe
606 4133 662 4166 sen·
704 4115 860 4177 compotatio
869 4116 918 4165 ista
930 4114 1020 4164 Claud.
1033 4115 1234 4180 Rep.11.‘Cre·

128 4188 239 4240 tentiam
249 4189 308 4240 hinc
320 4191 423 4243 sumsit:
441 4192 488 4242 ‘Si
504 4192 568 4242 licet
578 4207 663 4244 exem·
701 4189 747 4240 dus
762 4190 880 4242 examina
890 4189 964 4241 fundi
976 4190 1116 4255 Hyblaenm
1128 4198 1235 4258 rupture
