2744 4696
465 319 611 370 rrnorn.
656 319 792 367 neone.
817 318 843 368 1.
1136 299 1222 366 1741

110 463 164 514 sibi
183 440 313 526 testiculos,
338 469 438 526 ments
457 464 602 524 maritate,
623 462 653 511 ol
692 476 749 524 qnae
759 460 817 508 ideo
827 474 841 509 a
851 459 960 507 Marone
970 458 1019 507 Ge.
1029 471 1059 506 u.
1069 462 1124 506 121.
1138 458 1225 506 Patris

113 542 161 590 isse
179 557 207 590 se
222 541 383 604 perinsus.
419 543 558 591 Castorem
574 544 600 590 o'd
616 557 654 590 eo-
692 535 963 599 equorvomappullatur.
998 533 1045 581 Cui
1057 532 1225 582 acceditSta·

114 619 279 668 metmedioi.
308 618 373 668 Vide
384 619 582 668 Plin.v1u,2o.
610 617 653 667 Ad
692 610 999 661 tiusAelrilleitl.111.2d.

116 693 191 756 qnod
203 692 296 742 alludit
305 693 400 743 Jrrven.
411 706 462 744 ιιι.
473 698 515 742 tl.
550 708 554 714 ·
725 712 788 722 —·
801 686 889 733 Frcoot
901 684 986 731 celeres
998 680 1085 743 Epiros
1095 681 1208 730 alumnos.
1301 708 1316 732 x

250 793 313 806 —
326 768 633 830 Imitatuscastora,oaise
693 761 829 812 Notandus
851 767 889 808 est
913 760 1014 805 Graecas
1036 755 1224 804 terminationis

156 840 296 891 Ermerium
304 840 435 906 ipsesoot’t,
451 844 546 906 molem
556 845 654 891 eunden
692 835 863 885 nominativus
879 841 908 882 ut
923 849 959 881 vs.
970 836 1011 880 ³⁵.
1028 829 1144 890 Scorpion.
1166 828 1227 876 Ori·

218 919 303 966 dnm
344 910 349 919 ¹
693 916 734 962 dio
746 914 786 961 lric
799 913 907 961 Graecus
924 907 1095 957 nominativus
1111 911 1152 954 est
1169 918 1227 968 per-

157 992 342 1042 l'estirulorum:
363 993 421 1042 adeo
431 990 655 1040 medicoteort'ntol-
693 987 834 1048 familiaris,
866 987 932 1035 Met.
951 997 1012 1032 vru.
1034 985 1091 1031 283.
1115 979 1225 1028 llerbs'ds

121 1101 124 1104 -
157 1087 160 1092 ·
218 1068 383 1130 ligitingaen.
497 1069 654 1115 Eumenen.
694 1065 788 1126 Epiros.
816 1079 852 1113 vs.
866 1066 923 1111 abu.
936 1063 1078 1121 Meleagros.
1112 1058 1188 1120 Sapo
1198 1057 1226 1106 in

154 1145 186 1189 59
203 1142 318 1190 Eliodron
330 1143 422 1205 palmos
436 1141 522 1204 Epiros
533 1141 655 1204 squamos]
693 1141 768 1202 epist.
781 1139 890 1187 Heroid.
907 1139 1044 1197 Manno-os,
1056 1133 1176 1195 Cerberos,
1186 1135 1228 1195 bo.

121 1216 271 1280 Hypallage
283 1225 340 1266 est:
365 1232 423 1266 narn
434 1218 490 1266 lraec
503 1216 576 1279 dicit,
592 1217 654 1280 Epi·
694 1216 814 1276 Equorum
833 1229 879 1262 cur
895 1214 980 1261 Poeta
991 1211 1145 1259 mentionem
1164 1207 1229 1259 ints-

121 1304 166 1341 rns
184 1301 258 1343 creat
277 1308 355 1357 equas
373 1291 491 1357 optimas,
510 1306 568 1356 qnoe
585 1291 654 1355 apud
694 1298 743 1350 rat,
776 1302 826 1336 non
856 1304 972 1351 equorum,
998 1301 1049 1335 non
1073 1287 1105 1334 xie
1137 1286 1225 1335 nihilo.

121 1366 223 1417 Elidem
246 1369 343 1430 palmas
368 1373 501 1417 merentur
529 1367 554 1413 io
580 1365 655 1416 Jovis
694 1364 797 1412 Praxo
817 1364 896 1412 Probi
918 1369 946 1412 et
968 1364 1043 1412 Plinii
1061 1362 1226 1423 sententiam,
1278 1411 1281 1416 ,

123 1441 258 1505 Olympici
288 1443 372 1491 curuli
401 1441 551 1490 certamine.
588 1441 654 1490 Sane
693 1439 807 1486 Turnebi
818 1437 1002 1500 interpretatio
1019 1436 1162 1498 rejicienda
1176 1449 1228 1484 non

121 1516 214 1578 Epiros
226 1517 320 1565 Graeee
328 1515 479 1579 profertor:
497 1515 565 1563 unde
577 1513 655 1563 etiam
694 1518 797 1562 estur.
822 1517 861 1561 lt.
894 1510 1030 1559 annuentis
1057 1509 1229 1558 imitationem

120 1589 233 1639 slrebet
244 1599 387 1639 accentum.
421 1591 489 1639 Nam
505 1589 656 1637 silastinum
694 1602 750 1637 esse
768 1588 898 1648 Graecam,
917 1586 968 1650 qui,
994 1598 1041 1648 pro
1060 1599 1137 1646 equos,
1157 1597 1228 1647 eques

122 1668 202 1726 esset,
210 1663 315 1726 Epiros,
324 1664 405 1727 Epiri,
416 1664 449 1713 Pi
467 1664 585 1725 haberet,
596 1662 658 1726 quis
694 1677 763 1725 supe
785 1664 926 1726 appellant.
961 1661 1035 1710 Idem
1052 1660 1156 1709 videtur
1174 1658 1229 1710 fae·

123 1741 202 1804 longa
218 1746 268 1790 est.
302 1741 359 1789 Nec
382 1740 484 1789 mireris
500 1753 580 1803 eques
598 1752 657 1787 enr-
695 1739 785 1787 titasse
797 1737 906 1786 Ovidius
916 1739 983 1786 Met.
995 1751 1027 1786 11.
1039 1742 1095 1786 690.

119 1831 202 1866 rere:
229 1831 301 1879 nam,
316 1821 346 1866 ut
358 1817 423 1866 dicit
435 1815 545 1877 Plinius,
560 1814 657 1863 veuoto-
727 1813 891 1876 Nobiliurnqoe
907 1828 1005 1875 gregem
1022 1817 1099 1860 eustos
1120 1812 1229 1862 servabat

122 1904 162 1938 m
187 1895 245 1938 saort
265 1891 374 1940 noxalis
388 1892 449 1953 idem
465 1892 525 1953 qnod
543 1890 570 1938 in
588 1903 658 1939 cares
790 1904 908 1951 omarum.
1187 1902 1189 1907 ·

123 1965 333 2024 srissmsnet’ust.
365 1965 479 2015 Servius.
639 2008 641 2012 Α
694 1965 798 2024 Errant,
806 1963 849 2028 qni
861 1962 1001 2012 deteriores
1012 1967 1104 2024 putant
1116 1961 1229 2011 maribus
1271 1977 1284 2003 α

157 2039 366 2102 Eliadsoxpulm
375 2037 594 2102 numnquam]
625 2037 658 2087 In
694 2036 1231 2102 equasl'eminasincontentionibusetlu·

126 2114 325 2179 Longobardiso
336 2123 364 2165 et
379 2116 509 2181 plerisque
521 2113 577 2163 aliis
591 2115 658 2164 codi-
695 2115 733 2164 dis
758 2115 882 2178 prrblieis:
901 2115 970 2180 qnod
982 2116 1097 2165 AElianus
1118 2122 1231 2165 testatur

126 2188 211 2253 cibus,
230 2191 322 2254 Epirus
338 2206 386 2256 per
403 2206 432 2240 us
447 2192 551 2255 legitur,
567 2191 659 2241 Latina
695 2189 788 2240 falsum
810 2206 875 2253 esse,
902 2192 963 2241 hist.
987 2191 1064 2239 anim.
1088 2204 1119 2240 11.
1143 2195 1184 2240 36.
1206 2191 1232 2239 sl

125 2265 318 2314 terminatione.
346 2265 503 2315 InRomano
517 2265 659 2328 Epirosper
695 2267 760 2316 imi
789 2267 822 2317 εἰς
847 2265 1027 2332 ἃρματηλασίαν
1049 2264 1231 2330 ἐπιτηδειότεραι

125 2353 160 2401 os,
171 2338 201 2387 rit
217 2339 333 2389 Graece:
350 2345 379 2388 st
393 2340 431 2389 its
447 2339 584 2404 legendum
601 2340 659 2388 Ser·
696 2341 753 2391 siras
762 2340 920 2392 πιστεύονται.
932 2342 1005 2391 Idem
1018 2356 1054 2391 vr.
1064 2346 1105 2392 48.
1120 2341 1231 2391 Darium

126 2415 294 2464 vioseenset.
326 2415 468 2479 Praeterea,
486 2429 659 2478 corrosano
696 2433 768 2466 orsum
789 2417 867 2468 fuisse
890 2433 956 2480 eorm,
982 2431 1032 2466 non
1052 2431 1118 2479 equo,
1143 2415 1231 2479 donet,

127 2489 542 2555 potiusfaemioinogenere,quam
550 2505 659 2554 morum
696 2499 805 2555 propter
826 2493 1000 2542 velocitatem.
1046 2491 1115 2540 Hine
1138 2490 1231 2540 Horat.

128 2565 270 2614 masculino
296 2565 402 2631 dixerit,
429 2567 524 2631 (inanit
550 2566 659 2616 Probus.
696 2567 781 2616 od.11.
794 2571 833 2616 lb.

127 2639 180 2688 Sed
200 2640 228 2687 in
247 2640 380 2690 reddends
400 2643 508 2706 ratione,
527 2643 590 2708 qnid
611 2643 661 2693 sibi
793 2640 922 2688 -ltbi
933 2640 996 2688 tollit
1008 2639 1125 2688 hinnitum

129 2715 201 2777 velit,
221 2715 361 2766 difficulter
372 2718 509 2782 intelligas,
529 2718 594 2769 adeo
608 2733 660 2767 orn-
729 2718 795 2782 Apta
806 2717 932 2782 quadrigis
943 2731 1010 2778 emm.

130 2790 174 2840 nis
184 2793 242 2856 ejus
258 2793 358 2857 scripta
369 2793 488 2844 mutilata
497 2801 571 2842 sunt:
597 2793 660 2843 lieet
697 2795 778 2843 Plura
788 2793 820 2841 de
831 2792 878 2853 bis,
889 2799 917 2840 et
928 2789 1030 2855 quidem
1043 2788 1075 2837 de
1086 2787 1232 2838 nominibus

128 2880 192 2916 tero
203 2867 400 2933 diest'eorpors
409 2870 540 2934 precipue
550 2875 660 2918 nostrum
697 2882 829 2937 exortarum,
856 2866 975 2928 Romula,
1002 2863 1148 2925 Gemrnnla,
1179 2864 1231 2912 dre.

129 2941 251 3004 legende,
266 2946 300 2990 ei
322 2943 414 3007 quibus
434 2944 547 2993 sobolem
570 2943 659 2992 tolles:
698 2940 844 2991 Sebefferux
855 2941 887 2991 de
899 2954 920 2991 r.
930 2939 1013 3002 aelric.
1026 2939 1218 2988 1.12.Ernmtts.

128 3028 181 3064 non
192 3016 255 3064 satis
265 3015 300 3064 sd
311 3016 548 3068 sententiamfsclt.
573 3019 662 3070 Quare
731 3023 763 3068 60
782 3018 898 3066 Continuo
917 3017 960 3065 loos
978 3015 1052 3078 leges]
1074 3015 1090 3065 J
1094 3013 1188 3078 agitor,
1205 3013 1232 3063 in

130 3091 202 3154 leges
213 3091 284 3154 apud
293 3092 405 3141 Plinium
416 3091 449 3141 de
459 3092 542 3157 equis,
551 3092 662 3156 Scythas
699 3100 831 3153 eternum,
853 3092 887 3139 ad
905 3097 1077 3154 perpetuum:
1105 3089 1174 3137 sicut
1195 3102 1235 3138 se·

132 3182 179 3230 per
189 3168 261 3216 bella
271 3166 380 3218 foeminis
390 3169 430 3218 utl
440 3169 525 3231 malle,
537 3169 604 3233 quod
615 3169 664 3217 nri·
700 3166 806 3231 quentia
822 3165 946 3214 indicant.
969 3179 1026 3212 narn
1046 3162 1162 3211 dicturus
1184 3167 1235 3224 est,

132 3256 280 3292 nssnenmu
289 3257 342 3292 non
350 3243 474 3309 impedito
486 3243 613 3293 reddunt:
630 3243 664 3292 ad
701 3240 953 3302 AEterouqoefoedem.
988 3239 1099 3287 Servius.

133 3331 196 3381 qnos
229 3317 373 3380 respexisse
403 3318 560 3368 crediderim
581 3317 666 3383 Virgl·
733 3322 765 3366 62
784 3317 917 3365 Derwola'mr
928 3311 1235 3376 oocuomlopo'desjaotarit

132 3395 204 3457 bum,
222 3408 300 3458 quum
317 3395 359 3443 lrie
379 3395 522 3460 praesertim
541 3394 575 3443 de
589 3408 666 3444 mrsu
701 3393 726 3441 io
736 3389 825 3452 orbern]
841 3390 900 3440 Jarn
910 3389 1002 3437 transit
1014 3387 1046 3435 ad
1058 3386 1188 3436 fabulam:
1206 3390 1235 3435 et

129 3475 162 3518 et
173 3469 314 3518 velocitate
322 3471 391 3534 loqni
399 3469 528 3519 rideatur.
561 3468 665 3520 Pierias.
702 3465 807 3531 poitiee
825 3465 896 3525 dicit,
914 3464 968 3511 Ista
985 3469 1039 3511 tum
1058 3461 1167 3525 primum
1178 3467 1237 3511 stt·

167 3546 473 3610 Els’dompnlmosEplros
481 3546 602 3610 aquomst]
613 3546 666 3594 No·
702 3549 768 3603 tote,
798 3554 856 3603 quar
879 3539 912 3587 ab
935 3538 1008 3586 initio
1028 3537 1115 3585 mundi
1134 3541 1236 3585 constat

135 3621 195 3672 bilis
207 3635 289 3686 equus
301 3621 397 3671 dicitnr
406 3621 596 3672 Juvenali'vur.
608 3623 650 3668 bl.
701 3615 789 3665 fuisse.
822 3615 897 3662 idem.

131 3731 134 3738 ·
233 3696 548 3759 -Feos'liexiplarirno
556 3697 636 3757 odino
735 3689 865 3741 Deucalion
880 3703 978 3736 nocuum
994 3683 1196 3750 lapidesjaotoot't
1209 3682 1237 3730 its

169 3771 266 3834 Fervet,
292 3777 317 3820 et
337 3773 448 3827 assonat
472 3786 543 3820 roano
567 3769 669 3819 detnsa
703 3763 791 3826 orbem]
819 3764 894 3811 Hane
917 3760 1030 3809 fabulam
1053 3759 1158 3808 Servius
1179 3757 1236 3805 Eel.

235 3847 315 3896 Circo.
702 3855 741 3889 vx.
753 3846 794 3890 sl.
805 3839 894 3890 tradit.
928 3837 1042 3885 Eandem
1063 3833 1141 3882 tradit
1158 3829 1236 3880 ond.

135 3921 247 3995 Qualem
267 3921 360 3971 Horat.
377 3920 411 3969 de
429 3927 479 3969 art.
495 3920 669 3983 poetasse.
704 3916 771 3966 Met.
791 3931 812 3965 1.
830 3919 887 3965 320.
910 3920 938 3961 et
963 3927 1036 3975 seqq.
1064 3907 1184 3971 Apollod.
1209 3905 1237 3952 in

135 3996 268 4060 indigitat.
706 3991 822 4040 biblioth.
837 3985 998 4052 Hygin.1.f.
1013 3989 1067 4034 123.
1092 3983 1237 4030 Emmessss.

171 4070 174 4076 ’
201 4070 629 4134 ——Eqaumcertomineprimam
736 4070 768 4114 63
789 4064 971 4115 Undelumn'oes
986 4059 1038 4107 soti
1052 4059 1137 4105 aarum
1152 4055 1239 4118 genus]

136 4148 240 4198 Talium·
246 4160 371 4212 equorum
381 4153 510 4211 proventu
522 4153 563 4193 est
580 4143 670 4192 nobili·
706 4142 842 4204 Expressit
850 4138 880 4186 rb
892 4139 974 4195 abror,
983 4135 1011 4182 id
1019 4141 1058 4182 est
1067 4133 1238 4181 causativum.

135 4220 263 4289 muoso
279 4221 384 4275 atesis
400 4219 549 4285 regionibns
568 4219 670 4282 Epiros,
705 4218 773 4269 Nam
784 4223 813 4267 et
823 4216 917 4267 Orsene
925 4209 1018 4277 populi
1028 4207 1083 4258 noel
1093 4207 1239 4258 diconturs
