2744 4696
229 301 318 370 2168
396 316 507 367 nonu
528 316 733 367 senionuu
756 316 798 367 iu
822 314 966 366 vinoun.
1011 316 1147 369 cuono.
1170 317 1225 370 iv.

230 459 364 511 ‘Sirenum
380 459 515 510 deditum
528 474 610 525 snum,
621 466 649 511 et
668 474 763 510 memo-
801 472 858 508 rum
875 458 967 522 viginti
983 467 1053 524 octo,
1067 462 1089 512 si
1105 461 1343 517 Serriocredinnns

229 536 315 587 nubile
333 550 426 585 nomen
442 535 610 600 Parthenope
632 537 709 585 muris
727 536 762 586 Α·
802 536 908 598 Eciogn.
926 551 945 586 1.
965 537 1044 588 Ovid.
1055 539 1132 589 Trist.
1144 555 1174 591 11.
1192 542 1262 593 huuc
1281 558 1340 594 rem

229 609 359 663 chelcias?
393 614 538 662 ΕΜ.
802 610 910 675 attingit
922 613 1029 677 loquens
1045 613 1078 662 de
1089 615 1218 677 Virgilio:
1241 617 1341 683 ‘Piuyi-

263 693 312 738 666
328 689 423 738 scenio
437 690 568 754 florensem
585 690 698 753 ignobilis
715 690 763 754 oti]
801 687 862 736 lidis
873 687 914 737 hic
921 688 999 752 idem,
1008 696 1157 756 teneraeque
1165 691 1339 758 Amaryllidis

228 764 264 817 ld
282 771 332 829 est,
351 765 415 814 ertio
435 765 562 830 Poeticae,
582 781 658 831 quem
677 767 762 816 ocium
801 762 874 826 ignes
890 764 1020 814 Bucolicis
1031 766 1135 829 juvenis
1154 768 1254 819 inserat
1274 777 1340 822 unte

228 840 373 906 eppeiitvit
393 841 515 906 ignobile,
535 858 569 892 ne
591 842 653 907 qnid
673 843 706 892 de
733 858 761 893 se
801 838 900 888 modis!
933 841 969 889 Et
979 840 1237 894 Politian.inMant.
1248 847 1284 896 de
1296 862 1341 898 eo.

229 918 364 968 videretur
374 931 496 981 arrogans
507 917 606 968 dicere.
640 918 744 970 Senius.
802 914 862 964 dens
872 914 982 978 Virgilio
993 932 1052 966 cum
1063 926 1186 981 respectu
1201 922 1236 970 sd
1251 924 1342 974 Bnoo·

264 994 381 1057 ignobilis
390 994 437 1056 oti]
463 993 581 1044 Alincum
597 994 647 1058 (eit
661 992 762 1057 Germ.)
800 991 868 1041 lice:
885 991 969 1042 ‘Huc
990 992 1087 1044 inerint
1098 996 1196 1046 timidae
1209 999 1342 1061 prtelndin

229 1070 380 1121 edGrsecns
391 1083 468 1118 voces
479 1069 649 1132 σχολαστικὸς,
671 1068 762 1132 σχολά.
801 1069 885 1133 primn
897 1069 1033 1133 juventas!
1072 1073 1143 1122 Male
1161 1075 1264 1138 timido,
1286 1077 1339 1127 imo

229 1146 290 1211 ζειν,
305 1144 475 1209 Μχολόζειν,
485 1146 576 1210 quibus
596 1145 702 1195 studiosi
713 1147 762 1211 sig·
801 1145 911 1195 oodacis:
926 1159 986 1233 πμ
1003 1147 1060 1197 hnc
1077 1155 1139 1199 note
1158 1150 1235 1213 hujus
1248 1154 1340 1203 aetatis

229 1223 378 1275 nificnntor.
412 1223 550 1274 credamne
575 1223 608 1272 ed
630 1223 685 1273 hec
708 1225 762 1273 otis
802 1219 830 1269 in
849 1216 1028 1282 aggrediendis
1050 1220 1135 1274 rebus.
1173 1227 1218 1274 De
1241 1228 1340 1277 eodem

229 1298 332 1363 Virgilii
345 1301 460 1349 siinsisse
470 1299 571 1362 Silium,
580 1313 639 1348 nam
650 1299 683 1349 de
695 1300 760 1349 urbe
801 1295 913 1358 Virgilio
931 1295 986 1355 ibit
1002 1296 1120 1347 ‘Aonius
1133 1299 1256 1363 juvenis?
1273 1302 1339 1354 vid.

228 1376 519 1441 liscioqnensi.x11.
561 1375 648 1427 ‘Nem
670 1377 760 1426 molles
801 1370 910 1421 Hieron·
933 1372 1011 1423 Po'e‘i·
1032 1374 1050 1422 i·
1072 1376 1127 1425 111.'
1152 1376 1205 1426 ‘Ut
1230 1379 1341 1441 juvenis

229 1450 287 1501 urbi
299 1451 374 1515 ritus,
385 1460 463 1517 etque
474 1452 578 1515 hospite
589 1451 671 1499 Musis
688 1451 760 1514 Otia,
801 1444 1212 1500 Sioulsseilvisinflsritevenns?
1231 1454 1323 1504 cndu.
1364 1497 1368 1502 .

229 1534 259 1578 ot
278 1536 409 1578 exemtnm
429 1527 497 1578 euris
516 1527 676 1591 grauioribus
696 1527 761 1576 ceri:
834 1526 883 1571 666
902 1523 996 1587 Tityro,
1012 1528 1135 1587 tepotuiae
1146 1527 1276 1577 cecinisob
1288 1534 1342 1593 teg·

229 1602 606 1668 Ailnsit(inqnnm);neniqnae
615 1601 762 1652 otieMnss·
801 1598 863 1649 utine
877 1598 947 1661 fugi]
964 1600 1013 1649 Est
1022 1601 1079 1650 haec
1090 1602 1263 1667 synecdoche,
1276 1620 1340 1656 nam

230 1694 286 1730 mnu
298 1680 324 1729 in
335 1681 382 1730 hec
394 1680 459 1729 urbe
471 1679 628 1743 Virgiiienis,
639 1693 689 1728 non
700 1677 761 1728 dico
801 1689 851 1738 per
867 1674 935 1724 hune
954 1675 1107 1726 versiculum
1127 1678 1253 1742 intelligit
1268 1681 1342 1731 inte·

229 1756 418 1820 anteponenda,
444 1755 490 1805 sed
512 1768 597 1820 neque
618 1753 761 1819 equando?
801 1764 848 1815 gre
865 1751 1009 1803 ·Bucoiics.
1037 1753 1080 1802 Its
1106 1755 1161 1804 Cic.
1186 1755 1220 1804 sd
1248 1755 1338 1808 Attio.

231 1832 319 1882 cada,
799 1830 887 1896 Epist.
898 1844 958 1882 xvr.
976 1837 1016 1882 11.
1031 1832 1040 1861 ‘
1054 1833 1078 1883 Ο
1090 1833 1147 1883 Tite
1157 1834 1205 1885 tibi
1212 1836 1341 1898 prodesse

187 1954 193 1963 ,
263 1912 311 1958 666
330 1908 551 1971 Cmnisuqsiiuei
563 1908 694 1971 postorum]
710 1906 762 1959 Qui
801 1906 893 1958 isetor.⁸
925 1907 957 1957 Id
980 1915 1028 1972 est,
1049 1909 1125 1958 iaetor
1146 1909 1271 1975 prodesse
1289 1913 1342 1963 tibi

230 1986 311 2035 etism
321 1986 447 2035 Bucolica
458 1983 557 2049 scripsi.
590 1982 696 2033 Servius.
800 1982 894 2033 librum
913 1997 999 2033 meum
1011 1984 1044 2034 de
1066 1985 1216 2047 Senectute,
1235 1988 1279 2037 cui
1292 2003 1340 2038 ex·

262 2060 394 2123 Audoxpue
403 2060 515 2124 juventa]
534 2058 622 2108 AEtste
639 2057 760 2122 juvenili.
789 2072 875 2108 ’onus
898 2066 946 2120 est,
966 2058 991 2109 0
1014 2059 1084 2109 Tite.
1128 2061 1198 2124 Lege
1221 2064 1339 2116 eundem

229 2134 299 2186 Num
312 2143 341 2184 ut
358 2135 470 2185 diximus
490 2148 575 2197 snpra,
590 2133 683 2196 viginti
699 2140 761 2183 octo
801 2134 884 2198 Epist.
903 2140 928 2184 6.
940 2134 1058 2198 ejusdem
1079 2135 1126 2185 lib.
1136 2137 1173 2186 ita
1188 2144 1217 2187 et
1226 2139 1287 2189 Eoi.
1309 2153 1340 2191 ν.

230 2223 355 2261 annornm
367 2209 491 2258 Bucolica
501 2207 614 2271 scripsit.
648 2208 683 2255 Et
694 2206 761 2257 bene
800 2208 890 2261 ‘nse
917 2209 1018 2275 (dono)
1041 2227 1088 2262 nos
1119 2212 1259 2264 formosum
1289 2217 1341 2267 Co·

229 2284 409 2335 breviterose
425 2283 581 2346 scriptorum
600 2296 686 2332 rernm
702 2295 763 2333 exo-
802 2286 886 2349 rydon
897 2286 1007 2337 sedebat
1025 2286 1136 2337 Alexin:
1155 2290 1222 2339 Haec
1243 2292 1339 2342 eedem

228 2367 306 2411 cutus
319 2365 359 2408 est
369 2359 480 2408 titulum.
513 2356 618 2408 Servius.
805 2361 906 2427 docuit,
926 2348 1014 2427 cujum
1034 2365 1129 2427 pecus?
1146 2379 1178 2413 en
1200 2367 1341 2418 Meliboei?

264 2439 394 2500 nudaque
403 2435 514 2498 junonio]
531 2436 579 2484 Vir
590 2434 694 2501 quidem
703 2435 765 2486 doc·
803 2438 904 2492 Qulbus
915 2439 1014 2490 indicet
1032 2440 1179 2504 secundem,
1190 2447 1218 2489 et
1230 2443 1340 2494 tertiani

230 2522 274 2565 tus
285 2513 382 2579 νίσργον
392 2514 489 2577 occipit
501 2528 551 2563 non
562 2520 592 2563 nt
600 2512 710 2576 mvndo
720 2513 762 2563 vel
802 2515 935 2579 Eclogeni.
957 2516 1035 2567 Orid.
1047 2515 1123 2566 Trist.
1135 2529 1167 2566 ιι.
1185 2518 1238 2566 ‘Et
1248 2525 1340 2569 tamen

203 2634 206 2641 .
230 2592 325 2653 νιορψῖ,
341 2590 387 2640 sed
399 2606 414 2640 a
427 2589 536 2653 juvenili
551 2587 702 2654 fervidoque
714 2589 763 2638 ire·
803 2591 847 2641 iiie
864 2599 917 2642 tues
940 2592 1004 2642 felix
1020 2592 1140 2642 JEneidos
1160 2600 1252 2643 auctor
1270 2595 1341 2645 Con-

234 2666 335 2717 cundis.
369 2665 511 2715 comosus.
804 2669 865 2719 tulit
875 2669 901 2719 io
911 2670 1002 2735 Tyrios
1020 2669 1341 2735 armavirumquetoros!

260 2741 511 2809 impensare]
539 2739 669 2793 Videlicet
687 2755 765 2793 euno·
805 2744 891 2799 Cerdo.
