2744 4696
504 296 646 346 vmorn.
690 295 824 346 naono.
848 296 899 347 ιν.
1161 280 1248 348 2115

134 438 211 490 uuus:
228 437 348 490 ‘Aureus
358 438 421 502 lpse,
437 438 482 489 sed
494 439 519 487 in
531 437 614 503 soliis,'
625 441 675 491 dac.
713 443 789 500 pultat
801 436 833 486 de
846 437 940 486 coron.
951 448 989 486 rr.
999 439 1023 484 a.
1036 440 1064 485 et
1075 439 1116 484 la.
1135 436 1243 487 Emmer.

143 519 246 571 Florem
258 525 343 581 uocat,
352 519 438 582 apices
449 519 505 568 illos
517 533 623 568 croceos
634 517 675 566 vel
744 517 791 562 277
807 514 888 562 Pousis
898 513 924 561 iu
934 512 1033 562 uadibus
1043 512 1121 577 illum]
1132 515 1192 564 Non
1204 514 1245 564 sil·

143 609 245 659 aureos,
266 595 346 660 quiin
359 592 621 654 turdiornntcalic03
639 589 677 641 lo·
713 589 789 638 voris.
824 584 901 638 Unde
926 596 967 639 est
995 594 1096 650 contra,
1123 589 1245 659 ‘Intonsi

142 670 177 719 lia
196 685 259 720 vero
278 670 385 719 calicem
405 671 496 734 ipsum,
517 670 559 733 qni
581 679 677 732 purpu-
713 663 828 713 montes!
860 663 965 714 Sentius.
1240 722 1244 729 Ι

143 760 201 796 rena
212 754 261 796 est.
293 747 336 796 Sic
356 745 466 796 Ovidius
487 746 519 794 de
535 744 673 794 Narcisso:
744 741 793 804 272
804 739 883 802 Prope
887 737 990 801 flumina
1002 738 1092 801 Mello]
1112 739 1185 788 Mello
1201 728 1247 790 du·

138 823 288 872 ‘Croceum
308 836 355 884 pro
371 835 478 884 corpore
495 817 585 870 florem
600 819 678 885 Inue-¹
712 811 770 863 vida
793 813 884 862 Galliae
907 821 956 879 esi,
970 815 1049 878 juxta
1070 830 1145 879 quem
1163 815 1245 867 herba

142 898 226 959 uiant,
247 897 317 947 loliis
337 897 448 946 medinm
466 896 629 959 cingentibus
640 896 675 945 sl·
711 889 767 938 haec
776 889 884 953 plurimo
892 890 1014 942 nascitur.
1032 890 1108 939 Unde
1117 895 1144 939 ot
1153 889 1244 942 dunello

141 973 199 1022 his:
231 973 364 1036 sucumque
380 974 421 1022 hie
439 988 486 1036 pro
502 972 597 1023 frutice
608 972 675 1022 neei-
713 965 825 1026 dicitur;
841 966 907 1015 sicut
917 967 995 1016 etiam
1002 967 1091 1030 populi
1100 966 1245 1019 habitantes

141 1050 192 1113 pit,
212 1050 259 1099 sed
274 1048 361 1099 frutex
375 1065 419 1112 pm
434 1051 494 1098 „itm
506 1049 548 1097 vel
561 1062 675 1111 nemore,
708 1041 786 1104 juxta
813 1042 970 1091 Lemannum
994 1040 1107 1105 fluvium,
1134 1041 1244 1092 Alemuru'

141 1140 270 1190 nunquam
297 1127 401 1189 legitur,
434 1126 541 1176 salmas,
565 1125 674 1176 exercit,
712 1117 842 1168 dicuntur.
860 1119 988 1181 Lucanus,
1003 1118 1243 1168 ‘Deserncrocaro

137 1201 254 1252 ,Plinium
265 1217 291 1266 p.
304 1205 364 1252 102.
490 1230 494 1240 -
713 1192 829 1242 tentoria
839 1191 892 1242 lixa
902 1192 1047 1243 Lemanno!
1080 1193 1155 1244 Idem.

173 1275 277 1338 Aaron]
297 1277 358 1326 Non
373 1275 502 1339 ignorauit
519 1277 595 1326 Maro
606 1277 675 1325 aaut·
745 1268 839 1332 Mello]
851 1269 924 1318 Mello
936 1269 1016 1318 amnis
1029 1269 1053 1317 in
1067 1268 1152 1318 Gallia
1163 1269 1242 1320 Cisal·

141 1351 244 1402 lauritio
255 1349 523 1414 esseprnrordpvnnnv.
555 1349 608 1399 Sed
626 1350 675 1400 uu.
712 1343 781 1407 pina,
792 1344 889 1393 vicinus
900 1344 1006 1417 Britain,
1021 1344 1103 1394 oritur
1112 1359 1144 1393 cx
1156 1353 1242 1396 monte

141 1435 186 1479 tur
198 1429 245 1480 tali
256 1429 368 1492 nomine,
384 1430 467 1493 inquit
482 1430 628 1493 Stephanus
642 1429 674 1480 ad
712 1418 824 1468 Βῐθῦὓθ·
859 1419 970 1482 Philarg-

141 1507 210 1554 huno
228 1504 321 1567 locum,
341 1505 410 1569 quod
430 1505 551 1568 agricolis
574 1507 675 1570 parvul·
746 1493 1138 1560 Eifflrffll‘l'lnlllr‘ll’ssfllmim
1149 1496 1243 1569 Melki]

141 1586 230 1643 gamm
250 1585 299 1629 est,
319 1580 413 1631 moe,
433 1579 674 1631 111,‘cu1110m011
712 1571 744 1620 ln
764 1573 879 1622 Romano
899 1572 997 1636 codice,
1015 1589 1060 1638 per
1074 1574 1180 1638 flumina
1207 1577 1243 1627 le·

140 1655 203 1721 asilo
226 1655 368 1706 Romanum
391 1661 450 1716 eat3¹
471 1656 577 1706 <Patron
601 1655 674 1720 Graji
711 1649 788 1712 gitur.
818 1651 869 1700 ‘Est
881 1663 942 1723 vero
954 1651 1028 1700 Mello
1043 1648 1134 1702 fluvius
1146 1652 1172 1702 in
1184 1652 1244 1705 Gul-

141 1735 246 1780 vertere
260 1729 397 1781 vocamen?
429 1731 573 1779 Emeum.
710 1723 745 1772 lia
767 1724 905 1789 Cisalpina,
930 1723 1027 1775 Brixiae
1049 1727 1243 1789 opulentissimo

172 1808 220 1856 27⁸
240 1805 350 1870 Namque
368 1821 413 1854 uro
431 1804 550 1866 ingentem
566 1804 627 1854 toltit
644 1805 673 1855 de
710 1800 848 1866 municipio
860 1800 966 1865 vicinus,
985 1803 1090 1852 emissus
1106 1817 1139 1852 cx
1154 1813 1241 1857 monte

139 1881 329 1946 carpitrriloom]
347 1882 385 1931 Ut
400 1887 503 1932 veteres
519 1888 672 1944 praeteream
708 1874 821 1926 Brenno.
856 1875 932 1927 Quod
944 1890 1006 1926 vero
1023 1878 1127 1928 Scrvius
1144 1880 1176 1929 da
1193 1881 1241 1933 Le.-

140 1955 252 2018 codices,
266 1957 292 2005 in
305 1955 396 2020 quibus
407 1957 436 2004 de
447 1956 535 2005 sertia
545 1955 671 2020 scriptum
708 1966 783 2001 mano
804 1950 890 2017 fluvio,
917 1953 984 2002 unde
1006 1953 1125 2003 Alemani
1148 1956 1239 2021 populi

138 2041 189 2094 est,
206 2032 235 2082 id
245 2032 348 2082 minime
366 2030 583 2094 dissimulandum,
602 2032 671 2096 qnod
708 2026 772 2077 dicti
791 2027 851 2092 sint,
862 2028 910 2078 sibi
928 2030 1138 2096 comminiscitur,
1154 2033 1239 2083 lucum

138 2108 165 2156 in
177 2106 305 2172 plerisque
322 2108 502 2172 manuscriptis
518 2108 670 2171 exemplari·
707 2117 758 2153 non
770 2101 874 2153 fluvium
884 2118 938 2154 esse
947 2104 1049 2168 scimur,
1059 2121 1134 2171 quem
1145 2123 1238 2172 magna

139 2182 196 2249 bus,
222 2184 268 2233 imo
297 2184 415 2244 ingentem
443 2184 505 2232 tollit
526 2184 672 2248 decerpite,
707 2194 740 2229 ex
750 2187 824 2244 parte
836 2180 952 2231 Helvetii
966 2181 1127 2248 Sequaniqua
1137 2177 1239 2253 cincun.

137 2259 263 2322 scriptum
275 2258 425 2309 invenimus.
459 2260 563 2308 Pierius.
707 2256 779 2327 dant.
813 2254 968 2323 Popnllqne,
980 2257 1013 2306 ad
1024 2259 1173 2326 Lemonum,
1184 2262 1238 2313 vul·

172 2336 225 2384 Um
236 2334 338 2398 ingena]
348 2335 406 2385 Una
416 2335 501 2385 radice
512 2334 668 2399 multiplicer
706 2342 739 2392 go
750 2345 809 2378 mox
821 2328 940 2381 Alenrani
952 2326 1041 2382 vocari
1051 2337 1139 2400 coepti,
1156 2338 1238 2402 aqui·

138 2411 225 2461 caulas
245 2411 299 2461 sive
317 2412 416 2475 thyrsos
434 2410 571 2476 producit;
588 2416 628 2459 ast
644 2425 669 2460 e·
706 2403 754 2455 bns
766 2404 792 2454 id
805 2407 913 2456 nominis
924 2408 950 2456 iu
962 2414 1042 2457 totam
1058 2410 1119 2460 inda
1130 2412 1239 2464 Germa·

136 2488 189 2537 nim
202 2485 404 2536 surculosissima
415 2485 503 2534 herba.
537 2486 604 2535 Nam
621 2498 668 2535 rer-
704 2481 771 2530 niam
781 2489 949 2545 propagatum
959 2490 1007 2548 est,
1018 2491 1047 2535 ut
1055 2487 1123 2551 apud
1131 2487 1236 2541 eosdem

132 2577 175 2628 per
194 2562 304 2614 hicnon
322 2568 401 2624 terra,
420 2560 466 2611 aed
484 2559 557 2609 radix
574 2558 668 2610 intelli·
704 2554 764 2607 Itali
782 2557 933 2608 aviciuiore
951 2560 1055 2624 regiona
1073 2561 1236 2628 longobardi

135 2637 214 2702 gitur.
249 2637 392 2688 Toulmuuu.
703 2646 792 2683 omncs
802 2641 989 2698 nuncupantur.
1022 2636 1128 2687 Pierius.
1231 2634 1235 2641 ⁴

166 2713 206 2764 Dr
224 2713 322 2778 sospito]
343 2713 403 2765 Non
424 2713 456 2762 de
477 2719 556 2780 terra,
575 2712 621 2764 sed
633 2711 665 2763 de
737 2710 815 2760 Curvo
826 2712 907 2773 legunt
916 2727 969 2776 pro.
977 2713 1026 2777 flu.
1038 2714 1131 2778 Mello]
1148 2706 1234 2782 Malas

134 2789 232 2840 radice.
265 2789 377 2851 Philone.
702 2789 840 2838 multorum
858 2786 992 2840 fluviorum
1008 2805 1100 2841 nomen
1116 2800 1173 2847 csta
1189 2795 1234 2847 hic

165 2869 215 2916 274
225 2862 318 2916 Aureus
328 2863 388 2929 ipse]
398 2863 458 2914 Flos
469 2863 580 2915 scilicet.
595 2862 664 2915 Sero.
702 2877 749 2927 pro
777 2858 869 2915 Galliae
896 2863 974 2915 fluvio
1001 2867 1105 2918 Servius
1126 2862 1237 2936 accipit(

165 2946 213 3009 275
237 2943 312 2993 Υἰοὶω
329 2939 433 2991 sublucet
448 2954 555 3003 purpura
576 2939 664 3003 ripn]
701 2938 837 3003 Mygdonii
855 2941 934 2991 Melae
945 2941 1061 2993 meminit
1071 2945 1152 2997 Ouid.
1164 2947 1231 2999 Met.

132 3020 204 3069 Mire
216 3017 253 3068 ait
263 3017 376 3078 rubluret,
395 3020 425 3064 ut
437 3013 557 3064 ostendat
569 3028 664 3078 purpu·
700 3014 718 3066 l.
735 3030 766 3067 11.
801 3018 836 3067 Et
856 3017 963 3069 Plinv.
976 3022 1017 3072 27.
1040 3020 1136 3073 Melam
1154 3024 1231 3076 ulium

133 3096 172 3146 rei
185 3094 278 3146 coloris
289 3091 361 3157 folia,
380 3092 489 3158 quodam
506 3091 590 3142 virore
607 3105 663 3142 osso
701 3099 833 3156 memorat,
853 3094 897 3158 qui
912 3093 1028 3147 Ciliciam
1044 3113 1060 3147 a
1076 3098 1231 3165 Pamphylia

132 3170 248 3238 perlatae.
281 3171 356 3220 Idem.
700 3166 886 3239 disterminata
906 3169 983 3222 alium
1009 3172 1133 3224 Thracem
1160 3176 1234 3235 idem,

169 3247 244 3298 Violoe
253 3240 661 3310 rublu.purp.uigr.]8icetl2plg.
700 3240 765 3293 facit
786 3257 824 3295 av.
847 3248 888 3295 ll.
930 3247 967 3296 Et
988 3247 1093 3299 alterius
1114 3251 1231 3311 meminit

131 3336 184 3375 vu.
205 3322 291 3373 Poiita
310 3320 469 3385 ὑποπόρφυρον
488 3316 555 3382 ῥόδον
576 3324 663 3380 vocat,
700 3317 871 3369 Callimachus
899 3319 926 3369 in
953 3322 1048 3386 hymno
1070 3323 1097 3375 in
1118 3326 1230 3381 lovem:

131 3397 200 3465 quod
213 3395 382 3459 etrvuuouplr
397 3396 442 3447 lor.
474 3392 662 3444 Utautrmhic
698 3393 792 3444 πολλὰς
810 3393 836 3445 δὲ
851 3393 926 3456 μέλας
941 3398 1142 3466 ὤχησενᾶμάξας.
1176 3399 1229 3456 Sed

128 3474 243 3536 milred,
259 3471 366 3523 Hesiod.
378 3470 482 3535 ἠλέκτρῳ
493 3470 513 3519 l·
526 3465 662 3529 ὑπολαμπὲς
699 3477 726 3520 et
737 3472 833 3522 Statius
845 3473 994 3525 nParuasso
1003 3476 1080 3528 alium
1089 3478 1115 3528 in
1125 3479 1229 3531 Boeotia

130 3537 241 3613 lmlroc'
258 3556 309 3613 est,
319 3545 450 3608 ὑπολάμπει
468 3554 496 3596 et
514 3543 660 3601 ruodhart·
698 3547 806 3599 deducit
817 3549 943 3604 Mineruae
955 3566 1065 3618 sacrum,
1075 3555 1143 3620 quod
1155 3555 1228 3606 olivis

129 3623 195 3675 luido
211 3622 279 3675 ἄνθος
289 3623 428 3689 significat.
462 3623 602 3674 Germanus.
698 3623 754 3687 ejus
763 3623 826 3688 ripae
834 3626 886 3677 siut
895 3627 1013 3678 vestitu:
1030 3628 1227 3696 ‘Palladiusque

162 3704 212 3751 276
234 3699 313 3750 Neris
337 3697 469 3763 torquibus]
496 3697 602 3747 Coronis
626 3712 661 3749 ex
698 3699 781 3750 Melas
792 3701 921 3753 Hecateia
929 3703 1121 3768 gurgitonutrit
1132 3704 1227 3756 Flumi-

128 3776 381 3841 colloreconsertis.
408 3777 443 3825 Et
454 3776 510 3825 laus
522 3782 562 3825 est
573 3773 660 3826 herhas
698 3779 747 3824 na!
763 3775 1225 3845 Hujnsfluminisaqunsorosnigras

129 3853 233 3914 eximia,
251 3867 309 3917 qua
321 3860 348 3902 ct
359 3851 492 3901 coronaria
501 3850 544 3914 sit,
563 3856 591 3900 et
611 3849 660 3921 diis¹
697 3847 785 3899 facere
801 3851 866 3901 dixit
884 3851 954 3901 Plin.
974 3859 1004 3902 ut
1020 3852 1117 3903 Xanthi
1137 3850 1226 3907 flavas.

128 3928 305 3992 etiamdigna.
340 3926 483 3976 Touhmouu.
506 3937 511 3943 ·
697 3925 807 3976 Ovidius
818 3931 847 3976 e't'
861 3927 887 3976 in
900 3927 988 3978 Sicilia
1003 3930 1080 3979 alium
1097 3931 1223 3984 collocare

161 4005 231 4069 Soepe
248 4008 318 4054 deum
332 4003 660 4069 accumulationem]
696 4000 879 4053 videturFast.
888 4002 906 4053 1.
915 4003 1224 4070 rv.‘Sacratnmquelile·
1252 4031 1254 4036 ·

129 4084 272 4135 Coronatus
283 4079 360 4129 inisse
369 4093 436 4141 aras,
445 4085 541 4144 praeter
549 4079 658 4129 Saubar·
695 4077 744 4126 inin
753 4092 848 4142 pascua
858 4078 919 4129 laeta
929 4079 1021 4131 boum!
1038 4079 1134 4132 Nescio
1145 4096 1178 4135 au
1189 4083 1223 4135 ud

129 4169 218 4212 turne.
230 4162 270 4210 18.
288 4157 450 4209 Parachalius
461 4155 596 4225 manticato
608 4156 659 4228 dis·¹
695 4154 761 4204 nme
783 4153 936 4222 denigrandi
961 4153 1126 4209 effectionem
1144 4160 1223 4227 respi-
