2744 4696
500 330 648 383 Ινιιιιιιι..
692 327 828 378 annuo.
852 326 894 375 11.
1158 308 1243 375 1941

131 476 363 544 Ἰιιροήιιιι,ὶίιιι,
375 475 674 527 memmasar
711 470 837 537 quidquid
862 468 904 518 irio
931 467 1052 517 moliatur
1071 466 1184 532 Servius,
1202 483 1248 519 re.

136 554 209 608 Rea?
225 554 388 604 nannum.
565 595 568 603 ,
712 549 826 612 spexisse
846 561 911 609 eam,
932 560 989 610 quae
1009 544 1035 592 in
1052 543 1121 607 juris
1141 544 1245 594 dicendi
1333 608 1337 618 .

170 632 329 693 Parumque
346 629 430 692 regno]
457 627 546 675 Ruina
561 625 673 687 oimxis,
712 626 875 677 observantis
893 631 921 675 et
940 624 992 674 ritu
1012 636 1068 672 esse
1085 620 1175 683 debet,
1188 621 1246 670 reli·

135 713 181 758 ast
193 708 350 768 jammam:
365 713 395 755 nt
414 701 568 766 Principum
579 700 676 750 dissen-
713 702 830 766 pionem:
848 707 877 751 ut
893 713 1002 750 vacuum
1019 697 1109 746 landet
1120 696 1245 751 rusticum

136 784 224 833 dones
235 788 324 832 notat:
342 780 430 846 quales
438 787 501 829 tuno
513 784 588 827 erant
599 776 676 827 Bruti
712 776 808 826 morbis
826 774 1012 838 affectibusque
1030 771 1115 835 animi,
1125 776 1154 820 st
1168 771 1245 835 longa

137 857 311 923 Gaasiiqaeia
319 855 463 907 Antoniam
474 854 675 918 Octaviamque.
712 867 728 902 a
735 853 803 916 juris
812 851 927 902 formulis
936 850 1027 900 etforo
1036 855 1175 898 remotum:
1190 854 1245 898 turn

139 933 220 983 ideas·
713 929 774 992 quia
789 927 926 992 sequentia
943 927 1009 988 haer,
1027 939 1070 974 seo
1082 923 1166 984 ferrea
1178 924 1245 987 jaas,

170 1011 222 1056 499
237 1008 289 1058 Ast
297 1006 373 1055 doiait
390 1006 506 1054 mismaas
520 1004 675 1066 inopertam
713 1005 867 1067 Iasussrapae
881 1003 971 1066 smera,
986 999 1135 1064 tyuiavent
1149 1004 1245 1050 nostra

137 1081 456 1144 boidithimicicaro
474 1081 501 1129 in
520 1080 675 1131 Tiuoulaus·
712 1080 861 1141 sententiae3
880 1086 934 1130 tum
945 1079 1005 1144 quia
1014 1076 1162 1140 Philosophi
1173 1075 1246 1126 Ethi-

139 1172 197 1206 ruun
206 1157 299 1221 quinto
309 1156 434 1206 iibrohoo
447 1160 559 1215 tractat3
576 1154 675 1217 dicens,
712 1155 737 1204 ci
748 1171 846 1219 omnes,
856 1162 933 1220 atque
945 1154 1009 1205 adeo
1025 1151 1190 1216 Aristoteles,
1200 1151 1246 1203 ubi

139 1231 168 1282 in
178 1246 255 1297 quern
264 1232 336 1284 eadit
345 1246 396 1282 nna
404 1231 496 1281 mentis
504 1230 678 1295 permroatio,'
712 1241 793 1296 agunt
802 1235 835 1283 de
841 1234 949 1298 J'ustitioe
958 1233 1135 1297 negotiatum
1142 1232 1179 1282 ita
1187 1245 1246 1296 pan·

140 1323 215 1373 posse
226 1309 254 1357 in
262 1324 321 1358 enm
329 1323 416 1358 omnes
426 1309 535 1357 eadere:
552 1305 620 1356 sirm
630 1320 674 1370 po
713 1308 822 1372 tinntnr‚
830 1314 860 1358 nt
871 1309 927 1372 ejas
939 1314 1039 1372 partem
1049 1306 1156 1356 aiteram
1168 1306 1245 1370 assig-

141 1390 194 1434 test
214 1385 286 1434 omni
300 1385 399 1435 virtute
411 1385 518 1448 poliere,
533 1383 577 1433 aui
593 1384 675 1433 virtus
711 1390 784 1447 nent,
790 1390 939 1448 ponantque
947 1384 973 1432 ts
983 1380 1156 1444 dysenteriae,
1163 1382 1242 1431 aiter·

142 1474 191 1517 nna,
209 1459 362 1524 contigerit.
379 1460 447 1510 unde
465 1474 535 1508 nuno
550 1458 675 1522 Virgilius
712 1457 981 1521 ιιιιιένσνναλλόγμιισι
992 1456 1200 1519 καὶσυμβολαίοιι.
1217 1465 1245 1508 at

142 1536 225 1604 noiuit
252 1535 351 1586 rustico
376 1535 505 1598 assignare
533 1534 675 1584 misericor·
711 1533 1245 1596 iniiiastatuanthabendsmexcellentiae,

143 1609 225 1672 diaru;
242 1625 276 1660 na
288 1610 313 1660 ei
324 1610 400 1662 daret
416 1611 494 1661 etiam
507 1617 614 1660 coetsras
624 1608 676 1659 ani
711 1612 921 1676 prestantiaeque
933 1623 1099 1674 personarum
1110 1608 1246 1673 rationem,

143 1685 177 1734 nri
187 1686 330 1750 passiones,
338 1701 400 1750 qnas
412 1684 529 1736 novimus
537 1691 566 1734 et
577 1700 593 1733 a
602 1685 675 1734 bonis
711 1693 742 1736 ut
751 1685 973 1750 praestantioribus
984 1685 1090 1749 praemia
1102 1699 1156 1749 prae
1168 1691 1246 1735 caete·

143 1766 171 1810 et
180 1774 197 1810 a
206 1761 283 1810 maiis
293 1760 371 1811 rebus
380 1761 477 1812 vanire·
502 1763 528 1812 A
538 1761 611 1811 bonis
621 1760 676 1825 opi·
712 1765 748 1814 ris
758 1763 913 1814 reddantur:
930 1764 957 1812 in
965 1764 1015 1812 hae
1025 1776 1087 1811 vero
1099 1759 1246 1825 videndum,

143 1835 209 1887 uatis
221 1836 298 1887 duas:
310 1837 532 1902 uuannpraesentis
544 1838 676 1903 temporis,
712 1856 763 1890 non
779 1841 898 1906 qusquis
910 1853 1000 1904 quave
1017 1852 1076 1902 pars
1094 1837 1128 1886 sit
1139 1837 1247 1901 virtuto,

143 1917 172 1961 nt
181 1912 302 1976 gaudium
312 1929 319 1962 ε
330 1918 360 1963 et
370 1928 447 1963 unam
455 1913 582 1978 saturini
593 1929 675 1978 spem.
712 1915 757 1964 sed
775 1931 825 1980 quo
839 1917 900 1980 jura
917 1916 1024 1976 nitatur,
1036 1911 1173 1975 mancipio,
1187 1925 1246 1975 pos-

144 1986 252 2038 iisuaiis
260 1987 380 2046 similiter
390 1989 466 2040 duas:
480 2005 555 2039 onam
564 2006 676 2055 praesen·
712 1992 837 2042 sessione:
855 2006 904 2042 neo
915 1991 1041 2040 interesse
1052 1990 1079 2039 ἐν
1088 1985 1248 2049 esnaeistae

144 2064 183 2128 tir,
202 2071 234 2115 nt
251 2065 380 2117 dolorem:
397 2073 425 2116 et
445 2081 521 2116 unam
538 2065 629 2130 futuri,
645 2074 676 2118 nt
712 2066 794 2130 δίκαι,
810 2074 839 2118 et
850 2066 970 2132 judiciis,
981 2066 1081 2116 Catone
1092 2079 1126 2113 an
1136 2063 1247 2113 Catilina

143 2146 249 2191 metam.
278 2155 341 2206 quas
362 2142 493 2207 passiones
516 2157 573 2193 esse
598 2143 675 2193 animi
712 2160 803 2210 agrum
821 2152 866 2194 ant
885 2159 940 2194 rem
958 2141 1088 2191 vindicet:
1108 2140 1151 2189 hio
1169 2137 1246 2202 siqui-

143 2231 193 2267 uon
210 2216 317 2267 dubium
334 2223 384 2268 est.
401 2218 471 2268 unde
487 2225 515 2269 at
534 2219 589 2282 ipse
601 2219 638 2268 ait
648 2219 675 2268 in
712 2222 771 2272 dem
791 2220 980 2271 arithmeticam
997 2222 1106 2279 tantum,
1118 2214 1173 2265 illia
1185 2228 1244 2277 geo·
1306 2231 1309 2238 ·

143 2301 217 2344 sexto
227 2293 286 2343 AEu.
304 2293 372 2343 Hiar
389 2299 506 2357 msam,
522 2294 674 2358 capiuntque,
712 2296 846 2347 metricam
873 2294 1067 2359 proportionem
1099 2291 1243 2356 pensitari:

141 2369 390 2433 monstruosoque.
416 2369 551 2420 Sailnstius
562 2370 640 2418 etiam
648 2368 675 2419 in
713 2378 743 2421 ut
756 2373 877 2420 nimirum
895 2370 980 2419 Podta
995 2368 1106 2418 rusticos
1122 2367 1247 2416 immunes

144 2443 263 2495 Catilinae
279 2445 364 2495 bello:
391 2445 478 2495 Orines
503 2446 676 2509 demissaque·
708 2445 776 2510 juris
788 2443 928 2495 exercendi
940 2442 1019 2504 dicat,
1030 2448 1058 2492 et
1068 2439 1247 2497 misericordia

141 2519 249 2569 dercon
264 2519 492 2584 dubiisoomsuast,
507 2521 537 2570 ub
548 2523 608 2585 odio,
616 2523 676 2572 ami-
713 2528 741 2572 et
752 2519 856 2580 invidia,
867 2516 1030 2582 quaajudicia
1039 2521 1209 2578 constuprare
1218 2522 1247 2565 et

141 2594 208 2658 citis,
218 2595 267 2659 irs,
277 2599 349 2658 atque
359 2595 519 2645 mismeordia
534 2611 618 2646 naeuos
628 2611 676 2646 erse
713 2601 865 2663 pervertere
885 2594 979 2663 solent,
996 2590 1100 2640 omnino
1110 2591 1172 2640 vitra
1188 2591 1246 2640 sins·

142 2671 214 2720 deret.
240 2685 297 2720 aaut
315 2673 406 2721 asim
424 2672 487 2721 taso
502 2671 578 2732 fariis
595 2687 676 2722 asama
712 2672 827 2737 piioioris
847 2676 875 2720 et
895 2666 1040 2718 sincerioris
1058 2664 1183 2715 institutis
1200 2663 1245 2714 ad»

140 2747 257 2811 providet,
275 2747 317 2812 abi
336 2747 380 2797 iiia
397 2749 508 2814 officum.
540 2749 609 2812 Ergo
629 2754 675 2799 ant
713 2749 797 2800 dictos
806 2761 910 2798 vacare.
944 2746 1087 2795 Germanas.
1203 2791 1207 2798 .

143 2822 285 2872 seeundum
303 2823 440 2874 ciceronis
462 2829 604 2873 tractatum
625 2822 675 2872 hoo
744 2825 836 2875 Invidit
853 2821 959 2886 iubenti]
982 2819 1110 2870 Pecunias
1126 2819 1244 2889 scilieet3

144 2896 211 2948 dixit
218 2914 231 2947 ι.
243 2904 289 2948 ant
299 2899 368 2962 qood
379 2898 519 2951 absolutius
529 2905 583 2960 est3
593 2899 675 2948 intei-
712 2900 817 2965 Ellipsis
828 2899 904 2963 hujus
916 2898 989 2948 verbi
1000 2898 1111 2962 eiegans.
1149 2898 1245 2950 Quem·

141 2974 251 3037 ligamus
269 2974 328 3026 ideo
347 2975 471 3025 rusticum
491 2982 674 3039 paupertatem
712 2975 849 3026 admodum
871 2974 934 3023 illud
951 2973 1097 3038 Sophoclis:
1124 2971 1183 3036 spis
1201 2971 1244 3025 riv

142 3063 192 3099 uon
201 3049 301 3114 dolere,
309 3051 379 3115 quod
388 3065 445 3100 esur
455 3052 549 3103 malum
559 3065 614 3101 esse
623 3065 675 3100 non
712 3050 789 3115 ἔχονθ
800 3053 813 3100 i
824 3050 910 3116 φθόνοι
917 3047 991 3116 ipses,
999 3050 1044 3102 nbi
1052 3049 1163 3114 mpura
1172 3054 1245 3101 recto

142 3125 242 3188 credit;
259 3126 407 3176 sedmnnus
419 3126 533 3177 deorum.
556 3127 675 3179 Lucanus
711 3128 854 3178 subaudies.
872 3126 899 3176 id
919 3132 968 3189 est,
988 3124 1104 3189 divitem,
1121 3124 1245 3189 pecunias

142 3200 176 3250 de
187 3207 353 3270 pappertate,
364 3202 400 3250 Et
410 3217 507 3251 rasam
522 3204 623 3252 madum
634 3202 674 3251 Ia·
711 3203 894 3268 possidentem.
909 3200 987 3251 Ovid.
999 3200 1066 3253 Met.
1079 3214 1098 3253 1.
1111 3204 1167 3252 1³1.
1179 3215 1245 3250 onor

140 3279 236 3345 tellecta
246 3280 322 3330 dossa.
356 3279 404 3327 Est
414 3285 442 3329 et
459 3278 528 3328 aliud
540 3278 607 3343 quod
619 3293 677 3342 pos·
710 3280 837 3328 memmae
852 3275 959 3328 iubendi.
989 3274 1094 3327 Phaedr.
1106 3288 1152 3326 ιιι.
1165 3279 1188 3325 1.
1204 3290 1245 3324 eo·

141 3368 229 3421 snmus
247 3355 384 3418 accipere3
410 3354 469 3403 ideo
485 3355 610 3405 rusticum
626 3369 675 3406 neo
711 3352 932 3417 nmmomdpro
943 3366 993 3416 quo
1004 3351 1064 3400 rer.
1074 3350 1123 3401 Ad.
1132 3365 1153 3400 ι.
1164 3354 1189 3402 2.
1200 3355 1243 3402 ito.

143 3429 229 3492 bonis,
239 3444 289 3480 nea
301 3429 373 3479 malis
392 3430 480 3481 alienis
497 3431 603 3493 moveri,
614 3432 676 3496 quia
710 3431 733 3478 si
750 3435 819 3493 emet,
836 3430 896 3478 sade
912 3429 938 3477 id
949 3426 1028 3493 fierit.
1045 3432 1073 3477 et
1091 3443 1128 3479 vs.
1145 3432 1186 3478 42.
1202 3434 1246 3498 est,

128 3488 198 3569 ⁴ojus
214 3519 267 3554 non
277 3504 400 3570 interest3
419 3505 516 3570 quippe
527 3505 571 3571 qni
589 3506 623 3556 ab
634 3521 675 3556 ar·
712 3506 760 3556 Dis
785 3506 878 3569 motio,
903 3505 964 3553 ando
989 3503 1039 3552 isac
1057 3503 1134 3568 fiunt.
1183 3504 1243 3554 Em·

141 3580 217 3631 bibus
228 3586 403 3647 sstrsmotns.
436 3580 541 3630 Semitas.
711 3597 822 3632 meness.
1147 3629 1149 3634 .

139 3707 144 3715 ,
173 3656 225 3707 Ast
233 3654 321 3718 doluit]
336 3657 399 3721 Non
409 3656 540 3706 crudelem
551 3656 675 3706 rusticum
744 3661 791 3706 5⁰1
809 3655 898 3720 Sponte
916 3654 975 3718 toi]
997 3653 1130 3719 Ejusmodi
1142 3651 1243 3716 καρποὺς

141 3730 252 3796 inducit,
269 3733 315 3796 qui
333 3731 415 3797 inopis
435 3747 486 3782 non
505 3734 674 3795 misereatnr;
709 3731 851 3798 'smopoeisr
876 3732 946 3780 Naso
967 3728 1030 3778 cibos
1056 3730 1120 3778 salio
1146 3733 1243 3788 cogente

140 3806 188 3856 sed
209 3806 253 3871 qui
274 3807 357 3856 aciem
380 3813 560 3872 paupertatem
580 3808 674 3857 malum
710 3813 800 3858 mentor
810 3808 934 3871 appellat.
952 3806 994 3855 Ita
1004 3805 1081 3854 Luor.
1093 3804 1110 3851 1.
1121 3817 1148 3852 ν.
1176 3800 1241 3856 Quos

140 3895 193 3931 non
202 3874 269 3946 esse,
277 3882 399 3946 pauperis
407 3897 458 3932 non
468 3883 556 3934 doleat
563 3890 673 3934 sortem:
711 3883 754 3933 Sol
769 3888 840 3946 utque
858 3881 945 3930 imbres
962 3882 1084 3942 dederam,
1102 3880 1163 3941 quod
1177 3882 1243 3925 terro

140 3948 170 4008 et
189 3958 248 4008 ideo
272 3957 379 4028 adjecit,
399 3963 440 4008 aut
462 3959 549 4009 insidit
570 3960 675 4024 Mirati,
710 3964 803 4009 crearat
814 3957 902 4022 Sponte
911 3972 962 4019 aaa,
972 3955 1032 4004 sato
1042 3955 1068 4003 id
1076 3955 1182 4017 placarat
1191 3966 1244 4016 peo-
1347 4022 1353 4032 Ι

141 4033 203 4098 qnia
213 4033 470 4103 noninvidetsoiens
482 4035 584 4085 divitias
596 4035 675 4086 bonas
711 4041 764 4083 tora
774 4035 869 4083 donum.
902 4030 1062 4080 'sanbmanm

141 4124 270 4161 nonesse.
304 4110 415 4173 Piiiorg.
743 4106 906 4169 Ferreojura]
923 4106 1006 4170 Dura,
1016 4101 1191 4168 inexorabilia,
1199 4100 1242 4152 inu-

172 4187 296 4239 Miseram
315 4185 421 4252 inopen]
448 4186 535 4239 credo
557 4186 676 4252 Paetum,
711 4183 852 4236 mutabilia.
884 4179 990 4233 &rnna
