2744 4696
187 313 276 384 21⁵0
540 329 651 380 nora
671 327 873 380 vaaroaurs
899 327 940 377 nni

188 472 678 540 ¹DetentilAqeri,inculti.Serreion.
755 485 835 523 aenan
862 470 1081 522 'lade-meatem
1101 472 1203 522 temes
1223 471 1288 522 ian·

219 551 367 616 Μ]
392 553 497 601 Pharias
523 557 566 600 eat
588 550 718 609 nuncia,
755 554 824 598 este
843 547 951 610 Orphea
968 546 1075 598 ailvoet'
1096 547 1132 598 de
1150 548 1288 609 affl,

187 627 260 678 mana
275 642 353 691 qaem
367 626 401 676 ad
412 626 719 690 extinguendaraamorb
755 624 832 684 saxis,
851 627 901 672 hro.
921 637 979 687 qma
997 623 1115 674 deletum
1135 630 1165 674 et
1184 638 1289 674 mouera

188 705 302 753 calorem
313 703 470 752 morabatur.
504 703 579 751 luem.
755 700 842 763 potuit
860 700 933 749 iuno:
951 701 1076 763 prolixius
1095 701 1128 749 ad
1148 702 1217 751 bauo
1232 712 1286 751 rare

221 783 272 829 “ll
293 777 410 840 Mae]
430 779 462 827 la
484 779 600 828 Romano
627 777 719 827 codice
756 775 1003 839 aant'aerdaqaem
1016 775 1083 826 ride.
1119 778 1231 828 Ennea.

188 855 277 918 regere
297 861 339 904 est
346 854 420 916 mae
436 853 497 905 au:
518 853 613 917 qnippe
632 854 719 903 sona
788 855 835 900 su
849 851 1128 914 munumina
1162 841 1229 904 rui

188 930 257 981 riam
272 930 371 979 deserti
389 929 423 979 ad
442 929 587 992 Strymonis
605 927 718 978 audam:
788 927 932 991 Philomela]
945 928 1113 976 Philomelam
1126 929 1232 979 serviae
1241 943 1288 994 prn

188 1020 241 1057 aon
261 1007 369 1069 amplius
391 1005 424 1054 ad
444 1004 539 1066 Manis,
558 1005 664 1053 Deosve
682 1004 721 1052 ln·
756 1015 804 1053 are
823 1003 939 1067 qualibet
958 1005 1067 1067 positam
1089 1005 1135 1054 ait.
1170 1005 1223 1054 Sed
1243 1021 1288 1057 car

188 1080 259 1132 ieros
269 1081 429 1131 exorandos:
447 1096 497 1130 non
517 1082 549 1130 ad
568 1081 720 1130 contraheu·
756 1091 806 1127 unu
816 1079 923 1142 proprie
933 1078 966 1128 (le
978 1081 1288 1147 Luscinialntelllgamuq

188 1156 324 1219 (inieras,
334 1164 362 1206 et
373 1158 567 1220 supervolantes
578 1171 720 1206 avestuon
756 1154 1032 1218 cataloguhrieautil
1049 1171 1142 1207 nomen
1163 1159 1288 1210 inditum

188 1231 224 1281 ad
245 1234 386 1296 agrestium
413 1233 541 1282 hominnm
563 1233 619 1284 fera
641 1235 721 1284 eorda
757 1229 900 1294 eademque
918 1229 966 1293 flet
987 1231 1100 1284 nomeu?
1127 1234 1179 1282 uisi
1201 1250 1234 1284 ea
1257 1235 1288 1286 rie

189 1308 341 1371 mitiganda,
368 1323 502 1373 moresque
530 1310 720 1373 componendos
757 1304 1289 1375 mmdietumservioquinqutmapi·

190 1384 426 1448 expoliendosque:
452 1385 498 1434 sed
519 1387 585 1435 sibi:
614 1386 660 1436 sed
687 1387 721 1436 ad
757 1388 843 1443 netur,
853 1381 915 1446 quit
923 1382 1038 1431 nonnulli
1047 1384 1138 1433 volunt
1149 1399 1183 1433 ex
1192 1385 1288 1436 duabus

188 1462 345 1510 calamitatis
360 1477 412 1511 suae
429 1464 658 1514 lamentatlouem:
676 1466 722 1514 sed
756 1456 888 1506 mmihi·
919 1456 1049 1506 Procnen
1080 1460 1106 1508 in
1135 1461 1288 1525 Ιιυοοὶιίεω,

189 1535 223 1586 ad
240 1535 382 1586 inferorum
402 1537 527 1588 durieiem
544 1538 721 1589 meumudam.
758 1531 1151 1584 Philomelmlnffimndinem
1164 1551 1288 1588 asenna·

188 1611 336 1674 Flemsibs',
355 1618 386 1661 ut
405 1613 472 1662 tanti
489 1613 585 1663 ‹lolorls
600 1615 722 1664 lenimen·
758 1623 867 1671 vernam,
882 1616 912 1660 ut
922 1625 954 1660 ao
964 1611 1160 1662 loeohabetur:
1175 1614 1290 1664 (Εἰπὲ

188 1691 245 1735 tum
257 1687 359 1752 aliquod
370 1688 497 1738 inveniret
507 1704 637 1739 musamm
647 1690 722 1740 bene·
757 1685 832 1736 nibus
846 1687 950 1737 Procne
969 1695 1062 1752 pectas
1080 1689 1183 1751 alguala
1201 1704 1290 1740 creaa-

188 1761 260 1823 boio,
281 1777 340 1813 cum
350 1764 443 1829 quibua
453 1775 524 1815 ortas
535 1765 572 1815 ait
585 1765 721 1828 Hesiodus,
760 1762 793 1812 tis
804 1763 828 1812 :’
845 1764 1002 1828 quodetiam
1014 1764 1095 1814 tradit
1104 1766 1198 1816 Varro.
1223 1766 1289 1817 Pto.

189 1838 342 1900 &asperim
356 1838 622 1902 ermentomvilla
637 1859 722 1906 μιρμη·
793 1838 879 1894 Qlwiit
899 1841 999 1902 populea
1021 1853 1121 1890 mat
1148 1842 1291 1903 Philomela,

189 1913 259 1978 pies.
292 1916 398 1965 Pierias.
759 1912 811 1976 ira]
838 1915 957 1963 Fortunae
980 1916 1071 1965 alludit
1095 1917 1129 1966 arl
1157 1917 1194 1982 ld,
1222 1918 1289 1983 qand

223 1990 297 2053 Hae]
308 1991 340 2040 ld
351 2000 400 2054 est,
410 1992 481 2054 talla,
494 1993 578 2058 qualia
588 1993 643 2057 ipse
655 2008 722 2042 com·
758 1990 870 2039 'lbraees
891 1991 1031 2054 perhibent
1049 1993 1131 2057 (teate
1152 1992 1291 2057 Pausania)

189 2073 325 2116 memorat.
359 2066 490 2115 Serrium
759 2065 889 2130 luscinias,
911 2082 970 2132 qua
992 2069 1063 2119 oiraa
1084 2069 1186 2135 Orphei
1209 2066 1290 2134 sepol-

224 2142 355 2204 Enoloiasa]
366 2144 455 2191 Recte.
467 2143 525 2191 Hoc
537 2143 721 2192 enimverbum
759 2143 849 2192 chrum
858 2142 930 2192 nidos
938 2144 1074 2204 haberent,
1082 2147 1228 2197 vocaliores
1236 2161 1290 2197 esse

189 2224 278 2266 vatum
289 2222 338 2277 est,
349 2224 377 2266 et
388 2218 545 2267 canentium.
566 2218 660 2282 Papio.
677 2220 722 2269 illo
758 2221 872 2270 caeteris.
906 2222 948 2270 De
965 2226 1045 2272 cantu
1059 2230 1146 2273 autem
1168 2224 1290 2289 lusciniae,

188 2293 337 2355 auspicatur
355 2291 512 2341 ‘lhehaidem
530 2306 618 2344 auam:
642 2295 721 2345 ‘Pra·
759 2294 861 2344 Plinius
882 2296 1017 2346 ambitione
1039 2298 1243 2363 philosophatur,
1262 2314 1290 2352 x.

191 2375 278 2415 ternas
297 2367 375 2429 acies,
395 2369 545 2432 alternaque
567 2384 645 2434 regua
663 2385 722 2434 pro·
759 2374 800 2420 29.
833 2371 942 2420 Variani
954 2379 1039 2421 autem
1058 2375 1084 2422 ln
1100 2373 1190 2425 fabula
1206 2376 1291 2425 Philo·

190 2441 257 2492 fanis
268 2445 414 2493 Denertata
424 2445 498 2508 odiis,
507 2453 646 2511 sontesque
655 2447 722 2495 evol·
759 2447 833 2495 mele
845 2449 948 2511 poiitoe:
966 2463 1058 2513 nempe
1068 2450 1112 2499 alii
1123 2451 1290 2503 Philomelam

192 2539 252 2573 vere
263 2526 362 2575 'lhehus
380 2526 481 2575 Pierios
499 2527 579 2575 menti
597 2529 668 2575 oalor
684 2527 721 2576 iu·
758 2523 785 2571 iu
812 2524 972 2574 blrnndioem
1000 2541 1101 2576 versam
1131 2529 1230 2591 volunt,
1264 2537 1290 2578 et

189 2601 271 2650 cidit!
300 2603 384 2651 Catul.
407 2602 439 2649 da
463 2603 543 2651 Quia
564 2603 716 2651 Berenices:
758 2598 879 2662 Prognen
899 2602 925 2648 in
945 2601 1080 2651 lusciniam
1093 2602 1233 2654 aidonem:
1251 2604 1291 2657 alli

189 2677 321 2726 ‘Condlta
341 2680 401 2742 quin
421 2678 497 2726 etlam
516 2679 630 2742 pectoris
653 2678 721 2727 evol·
759 2683 858 2725 eontra.
882 2679 962 2728 Certe
974 2678 1095 2742 quioquld
1106 2679 1140 2728 ad
1151 2680 1230 2730 Terei
1240 2687 1291 2730 tra·

189 2755 266 2803 vam!
283 2754 416 2803 Claudiam
427 2754 524 2815 Paneg.
538 2754 594 2804 Stil.
606 2768 625 2803 1.
636 2752 721 2801 ‘'l'au-
760 2751 843 2815 ginam
865 2751 978 2802 fabulam
1000 2755 1134 2817 pertinere
1155 2762 1251 2818 potest,
1264 2755 1290 2805 id

191 2837 274 2880 tarum
286 2845 386 2892 sperem
401 2831 514 2878 cumulos
531 2829 667 2878 advolvere
684 2843 722 2878 re-
759 2827 910 2892 exsequitur
921 2827 1035 2878 diffusius
1048 2831 1197 2880 Eustathius
1215 2832 1242 2880 iu
1256 2832 1291 2882 0-

191 2906 263 2955 rum.'
277 2906 328 2954 Ubi
338 2921 369 2954 ex
379 2907 531 2968 conjectura
539 2907 597 2968 lego
607 2907 708 2954 erolum
713 2922 722 2962 ‚-
759 2903 827 2965 dyas.
840 2919 865 2953 v.
899 2908 971 2966 Sunt,
980 2905 1022 2969 qui
1032 2905 1111 2954 ducto
1130 2921 1146 2954 a
1162 2912 1255 2956 natura
1266 2917 1292 2957 et

188 2989 218 3031 et
237 2981 380 3030 imitatione
400 2980 508 3043 Virgilii.
541 2981 619 3030 Orid.
640 2982 721 3032 Trist.
759 2992 832 3029 more
852 2981 959 3029 aviculae
978 2978 1053 3044 biijus
1072 2991 1233 3047 argumento,
1248 2998 1290 3034 ne·

189 3072 221 3108 ιι.
243 3058 318 3106 ‘Nec
340 3064 425 3106 tamen
449 3065 489 3106 est
511 3055 611 3106 lacinus
634 3061 721 3108 molles
760 3063 822 3119 gent
834 3058 1001 3106 Philomelam
1022 3073 1070 3120 pro
1090 3059 1198 3108 luscinia
1208 3059 1291 3124 accipi

187 3135 310 3183 evolvere
331 3133 435 3182 versus!
471 3135 558 3183 Cerdo.
759 3131 864 3192 debere,
885 3147 944 3181 cum
960 3134 1002 3182 hin
1022 3135 1172 3184 Philomelae
1186 3135 1291 3185 iuorbi·

222 3209 272 3258 uun
290 3211 379 3273 nstris]
398 3211 430 3258 In
449 3210 563 3259 Romano
578 3209 678 3271 codice,
694 3217 721 3260 et
760 3214 815 3257 tate
837 3209 951 3272 lugubris
972 3212 1063 3259 ureniae
1085 3218 1173 3274 partes
1197 3211 1292 3261 tribuat

188 3284 288 3347 aliquot
308 3285 362 3334 aliis
372 3285 413 3333 sab
423 3285 496 3332 nstris
506 3285 610 3346 legitur.
643 3283 723 3335 Astra
761 3284 846 3347 Maro,
865 3299 923 3349 quae
942 3286 975 3334 ab
991 3300 1097 3335 ovorum
1113 3288 1240 3337 incubatu
1251 3302 1291 3338 oa-

188 3357 309 3407 rrimirum
320 3359 415 3407 Gellda
429 3360 544 3422 appellat
560 3360 722 3423 Septentrio·
759 3361 838 3409 nendi
849 3360 927 3410 linem
944 3359 1031 3410 faeere
1050 3364 1212 3426 experientia
1234 3378 1291 3428 ang·

191 3432 274 3482 palia:
294 3434 411 3495 sequitur
430 3435 506 3492 enlm,
525 3435 592 3483 &lisa
611 3437 722 3498 hyperbo
760 3443 890 3486 noscatur.
925 3438 1065 3488 Germanos.

187 3524 244 3559 rena
252 3510 341 3570 glooios
358 3510 499 3571 Tanaimque
514 3512 625 3573 niualem,
645 3513 722 3562 Arnu-
794 3514 880 3568 Qualia
899 3516 997 3577 populeo
1024 3530 1124 3564 moerena
1151 3515 1292 3581 Philomela]

189 3598 235 3649 qae
253 3583 361 3647 Riphaeis
379 3599 494 3645 nunquam
515 3585 612 3633 mosoth
626 3588 722 3648 pminis
759 3588 811 3638 Vix
827 3589 928 3652 credas,
944 3589 1242 3654 utiingeniapoiitamm
1256 3607 1292 3642 an·

190 3658 336 3709 muno.-
353 3674 410 3723 quae
431 3659 516 3707 omnia
536 3661 593 3708 loca
614 3661 640 3708 in
659 3663 722 3726 Sep·
760 3665 902 3728 piraverlnt
920 3664 954 3713 ad
973 3667 1079 3727 gloriam
1096 3667 1144 3715 bne
1161 3683 1292 3732 eompara-

186 3737 333 3786 tarrtrioues
346 3734 524 3786 «lehumnum.
557 3738 663 3788 Pierias.
760 3741 848 3790 tione:
876 3741 941 3790 adeo
969 3756 1038 3805 naepe
1061 3743 1132 3791 illam
1156 3744 1291 3794 advocant.

187 3835 191 3841 ·
222 3817 271 3862 ⁶10
292 3812 410 3872 Agmtem
430 3812 532 3860 carmine
554 3815 661 3877 wear]
688 3814 720 3863 Id
760 3817 909 3866 Numerabo
922 3818 1027 3882 aliquos.
1046 3817 1089 3867 Ab
1101 3834 1152 3868 uno
1163 3821 1291 3883 Sophocle

189 3896 404 3950 est‚moventem.
438 3889 542 3939 Semina.
760 3894 857 3957 septies
879 3896 1024 3958 assumitur,
1049 3897 1129 3944 semel
1152 3897 1178 3944 iu
1200 3896 1292 3962 Ajace‚

222 3964 340 4027 Querens]
354 3964 483 4013 Arborum
494 3965 605 4014 indicem
617 3967 721 4016 exhibet
759 3971 838 4018 semel
850 3965 875 4016 iu
887 3969 1028 4034 Antigone,
1047 3971 1089 4020 bis
1104 3971 1132 4018 in
1141 3973 1292 4036 Trachiniis,

189 4037 270 4088 Ovidi
282 4040 391 4089 Metam.
402 4053 428 4089 x.
440 4055 476 4089 vs.
488 4046 529 4089 88.
541 4056 613 4105 seqq,
625 4049 653 4091 et
665 4046 720 4092 143.
760 4050 802 4094 ter
808 4045 834 4093 in
844 4045 957 4094 Electra.
970 4044 1014 4093 Ab
1023 4045 1138 4095 Homero
1147 4046 1186 4095 bia
1195 4047 1291 4112 Odyss.

187 4112 266 4162 ‘Tale
275 4128 363 4164 nemus
373 4122 444 4165 vates
454 4117 612 4167 attraxerat?
620 4116 722 4168 Alludit
760 4133 819 4169 xrr.
831 4128 859 4170 et
869 4134 930 4170 xrx.
965 4122 1029 4170 Eam
1040 4128 1149 4185 usurpat
1164 4123 1255 4187 Eurip.
1265 4123 1292 4172 iu

190 4186 281 4239 Horat.
290 4189 333 4241 od.
345 4205 364 4242 1.
377 4196 418 4243 12.
434 4191 511 4243 silvas
521 4199 669 4258 protractas
678 4193 723 4245 ‹lo-
760 4197 888 4250 Phoeuiss.
900 4197 1103 4250 cislebertus
1115 4205 1145 4250 et
1155 4213 1207 4252 rin.
1219 4200 1291 4266 opp.
