2744 4696
372 314 521 367 ‚visum
566 317 701 367 croac.
725 317 750 366 ι.
1026 303 1115 373 lm

96 455 170 509 stiam
181 455 273 508 eoem
289 456 388 508 referat
399 458 432 508 ad
444 472 545 508 sacrum
583 459 713 509 Floridiim
729 459 818 510 Sabin.
837 474 948 513 success.
963 473 998 515 ιι.
1011 465 1051 511 19.
1066 460 1112 511 ubl

96 533 128 582 is.
160 533 202 583 Au
218 534 329 598 demum,
348 534 409 599 quia
428 537 547 583 suiuus
582 535 765 583 multacuutra
784 533 868 597 Pium,
887 533 957 598 quud
973 536 1112 584 lectionem

114 614 155 657 eat
172 609 308 672 papaveris
325 609 546 658 accommodatum
582 607 686 671 Virgilii
703 609 850 658 mutaverit.
883 609 978 658 Restat
996 609 1113 659 ultimum

96 681 166 732 lubre
185 682 350 733 conficiendis
378 684 486 747 panibus
512 682 545 732 ad
584 679 616 728 de
636 690 777 745 precepto.
811 682 875 743 Ejus
895 681 952 730 duae
970 688 1066 745 partes,
1085 688 1114 731 et
1183 703 1187 712 ·

96 755 194 806 illanc
205 758 312 808 adducit
323 759 485 818 Macmellus
503 772 547 807 ne·
583 767 633 816 quo
642 761 758 818 tempure
773 755 882 804 serenda
901 754 1021 815 Medica3
1038 761 1066 805 st
1080 754 1116 804 da

96 833 152 881 llam
168 834 255 895 rejicit
269 832 396 909 judicium
413 832 545 882 Germani
583 829 719 889 putredine
737 836 824 891 terrae,
845 829 888 878 ubl
910 828 1027 877 serenda.
1070 828 1114 877 De

583 900 1115 962 priorePliu.xv111.16.serilarraeara

126 978 235 1043 Tempus]
267 979 341 1028 Tunc
368 978 470 1028 scilicet
498 984 547 1028 est.
584 977 661 1036 Maio.
707 979 807 1030 Pallad
828 981 846 1028 l.
869 994 895 1029 v.
915 980 958 1030 tit.
982 984 1005 1028 1.
1031 978 1115 1041 Aprili

96 1065 123 1100 ιι.
583 1053 782 1116 meaaeinareis,
798 1070 860 1118 quas
877 1062 937 1104 ante
954 1055 1033 1118 (sicut
1050 1052 1116 1101 ulsi-

96 1128 221 1191 sdadam]
247 1130 449 1193 Quamprimum.
488 1130 546 1178 Hoc
584 1127 650 1188 mus)
666 1132 825 1192 praepasasts,
834 1129 934 1178 medica
944 1128 1053 1178 serenda
1063 1135 1114 1179 eat.

102 1202 240 1251 urendum
251 1218 307 1252 esse
318 1217 349 1252 eo
360 1210 485 1266 tempore,
495 1219 546 1252 uon
585 1203 677 1267 ltaque
694 1205 765 1268 Virg⁴
778 1206 903 1273 preclare
914 1219 967 1253 uere
978 1204 1113 1253 serendum

96 1279 155 1349 luit,
173 1280 219 1328 aed
233 1296 284 1344 quo
296 1281 429 1330 imminent
440 1281 545 1344 plurim
584 1280 702 1328 asseruit.
735 1280 777 1328 lta
796 1294 897 1344 quoque
915 1279 983 1329 Pliu.
1000 1280 1058 1328 locu
1070 1278 1113 1327 ad·

584 1353 681 1403 ducto:
698 1370 769 1404 seras
786 1357 834 1404 seri
850 1355 927 1405 delet.
967 1356 1008 1403 De
1027 1360 1114 1440 poste-

96 1433 183 1491 abere
193 1435 292 1497 aratris]
313 1433 436 1482 insistere
454 1433 547 1481 aratio·
584 1430 652 1479 riore
672 1430 771 1479 Colum.
791 1445 822 1479 ιι.
841 1434 881 1479 11.
906 1431 1003 1489 Lacum,
1024 1429 1050 1477 ia
1068 1444 1113 1491 quo

96 1506 161 1557 den.
585 1505 704 1553 Medicum
716 1506 826 1567 proximu
837 1520 890 1554 sere
907 1510 1002 1554 suturas
1012 1519 1044 1566 ea,
1057 1519 1113 1567 prr·

96 1581 185 1630 trabem
201 1584 299 1645 aratris]
324 1582 356 1631 In
376 1583 497 1631 Mediceo
518 1589 547 1632 et
583 1580 763 1628 maritumos
783 1583 840 1630 Kal.
858 1579 941 1629 ortui.
956 1586 979 1628 et
994 1594 1048 1628 eum
1062 1583 1114 1629 iola

96 1661 117 1704 rt
137 1656 193 1705 aliis
215 1658 326 1721 antiquis
347 1659 546 1722 exemplaribus,
583 1655 664 1718 hucine
674 1661 806 1717 putrescam
814 1657 896 1707 maala
936 1655 1029 1706 Cerda.

96 1738 169 1781 aest:
186 1733 317 1781 sucumbere
326 1734 420 1783 raum.
451 1735 507 1795 Est,
518 1742 546 1784 et
617 1730 715 1793 Patres]
746 1731 863 1792 subacti,
891 1733 931 1779 vel
953 1731 1026 1780 initio
1045 1731 1114 1791 anui,

96 1807 161 1855 atris
169 1809 248 1870 legas,
264 1809 333 1872 quod
344 1824 360 1858 a
370 1810 460 1858 Servio
471 1823 547 1871 agno-
584 1805 610 1852 id
621 1813 671 1866 est,
680 1820 749 1867 vere,
759 1808 801 1855 vel
812 1813 871 1870 post
880 1820 989 1854 aunum:
1008 1805 1112 1868 quidam

96 1895 108 1929 ’.
140 1881 244 1930 Pierius.
584 1881 650 1929 enim
670 1880 798 1930 Medicam
817 1888 876 1945 pust
894 1879 1044 1930 decennium
1062 1880 1114 1928 seri

96 1955 179 2005 ,Μ
195 1957 257 2004 sicca
274 1959 357 2007 tellure
376 1958 442 2019 licei]
476 1958 547 2007 Dum
584 1954 682 2003 dicunt·
718 1954 823 2004 Servius.

96 2029 222 2078 nundum
234 2031 307 2093 pluit,
324 2032 396 2080 sed
385 2047 440 2095 Jam
458 2038 499 2080 est
513 2033 547 2080 vi·
587 2028 704 2078 Patras
712 2029 782 2091 mles]
797 2031 925 2079 Naturam
935 2029 1015 2092 ipsius
1025 2025 1113 2079 herba

96 2119 114 2153 ι.
146 2103 251 2153 Seruius.
586 2103 701 2165 respicit.
727 2119 786 2153 uam
805 2119 855 2153 unu
876 2119 943 2154 amm
962 2104 1114 2168 frequenter

96 2194 117 2229 ιι
125 2179 207 2229 milla
213 2180 325 2241 pendent]
337 2182 406 2230 Dum
419 2195 485 2244 pene
491 2181 548 2244 jam
586 2178 688 2227 seritur.
700 2186 729 2228 et
738 2180 821 2229 sexies
828 2186 875 2228 aut
884 2180 992 2242 amplius
1003 2188 1115 2243 secatur,

96 2258 141 2303 tur
160 2255 248 2302 nubila
267 2255 390 2319 pendere,
411 2263 438 2304 et
456 2271 549 2319 expec·
586 2260 677 2314 postea
690 2253 790 2318 aliquot
799 2254 871 2302 anuis
889 2263 982 2315 sponte
997 2269 1117 2317 procrea·

96 2334 126 2377 ut
134 2325 268 2377 effundant
279 2330 386 2391 pluvias.
420 2331 494 2379 Idem.
586 2334 638 2375 tur.
655 2328 722 2391 quud
734 2329 813 2377 etiam
827 2342 935 2392 sequens
952 2329 1049 2379 indicat
1061 2343 1115 2378 ver-

96 2406 99 2444 l
127 2400 188 2450 Vere
204 2400 283 2464 subis]
308 2404 405 2451 Contra
424 2405 549 2453 rationem
585 2416 636 2450 aus.
669 2402 743 2450 Idem.

96 2490 125 2538 m,
153 2476 213 2538 quia
233 2475 319 2539 fruges
341 2492 428 2527 omnes
449 2480 549 2529 numeri
586 2511 589 2517 -
618 2479 718 2526 alunt
736 2478 801 2526 milio
811 2479 874 2526 seuit
885 2493 962 2526 nasac
972 2478 1050 2541 carru}
1064 2477 1113 2528 Os·

96 2549 154 2598 laris
166 2557 233 2599 sunt.
266 2551 340 2600 idem.
586 2551 803 2600 tenditMedicaa
821 2564 909 2598 curam
927 2565 979 2599 ιιοιι
997 2565 1052 2600 csse
1072 2565 1117 2599 au·

96 2623 130 2688 iu]
166 2624 311 2674 Sementis:
345 2634 373 2675 et
404 2627 549 2678 declinatur
585 2640 671 2674 uuam.
705 2625 1116 2688 Hecautemlserbavulgodicl·

100 2699 182 2749 navis.
215 2700 290 2749 Idem.
585 2709 628 2750 tur
636 2703 717 2764 Sylla.
749 2702 824 2750 Idem.

96 2787 119 2821 sc
136 2777 161 2820 te
180 2787 266 2834 quemue
286 2775 391 2838 Medica]
408 2772 452 2822 Ad
469 2774 549 2836 ipsam
619 2776 701 2840 Milic]
721 2777 819 2825 Seneca
828 2769 912 2837 Epist.
923 2779 963 2824 66.
981 2773 1116 2838 Virgilium

96 2861 128 2895 uu
155 2845 348 2910 Apostropham
375 2849 448 2898 facit.
482 2850 549 2898 Haec
587 2851 678 2914 tangit,
698 2857 819 2915 tanquam
838 2849 945 2912 agrarias
967 2848 1004 2898 rei
1025 2839 1115 2911 pamm

96 2935 146 2970 ua
175 2920 286 2970 Medicis
315 2924 440 2985 translata
462 2932 503 2972 est
523 2924 549 2972 in
586 2925 715 2986 peritum:
734 2924 806 2988 (dicu
818 2924 903 2973 verbis
913 2922 993 2986 lipsii
1003 2924 1087 2973 Elect.
1095 2936 1115 2973 1.

96 2994 167 3056 ιίιιιις
184 3010 234 3059 quo
253 3003 366 3058 tempore
378 3011 434 3044 cam
447 2997 549 3046 Xerses
588 3002 638 3060 16.)
659 3000 779 3063 quoniam
799 3000 950 3062 scripsisset,
970 2998 1066 3047 milium
1088 3004 1116 3048 et

96 3076 159 3119 erat.
189 3071 274 3133 Hujus
284 3073 360 3133 plena
371 3074 481 3122 Venetia
492 3079 548 3122 est:
586 3072 672 3124 fabam
689 3075 736 3122 sul)
756 3074 823 3122 idem
840 3082 942 3135 tempus
962 3073 1021 3122 aeri.
1063 3070 1117 3121 Seu

105 3146 170 3198 dicit
181 3148 330 3210 Dionysius,
343 3149 420 3198 trium
430 3148 550 3198 foliorum
587 3150 716 3198 mehercle
727 3150 905 3208 calumniatur,
924 3154 969 3197 aut
984 3147 1052 3198 ludit
1066 3148 1116 3197 iste

96 3216 336 3285 emperquevirens.
370 3223 444 3271 Idem.
586 3226 715 3275 Socrates.
731 3225 809 3273 immo
829 3224 892 3273 illud
911 3221 982 3271 facit.
1015 3222 1116 3271 Milium

96 3298 160 3361 dieu]
183 3297 249 3346 Plin.
262 3312 344 3347 xv111.
356 3303 397 3347 16.
409 3301 445 3346 lta
456 3299 551 3347 descri-
587 3301 659 3349 exiis
676 3307 725 3362 est,
737 3316 793 3364 quse
805 3301 873 3348 trina
884 3303 1038 3358 tempestate
1056 3297 1117 3346 anni

96 3370 230 3420 &ailiam
244 3372 345 3435 trifolio,
361 3375 426 3422 ruule
439 3373 550 3435 foliisque
587 3382 716 3435 seruntur,
746 3381 846 3433 astate,
871 3373 964 3434 hieme,
984 3385 1061 3420 vere:
1089 3372 1116 3422 iu

96 3448 168 3496 datu:
184 3463 219 3508 ea,
236 3464 288 3496 cum
299 3449 324 3495 in
338 3452 427 3496 caulem
437 3450 551 3509 assurgit,
587 3449 663 3498 Italia
672 3457 757 3498 tamen
768 3449 905 3511 plurimum
916 3452 1015 3497 aestate.
1032 3448 1117 3498 Quam

96 3524 117 3572 iu
135 3524 290 3572 emirabitur.
324 3522 365 3570 Ad
377 3537 453 3585 quem
465 3524 550 3571 locum
587 3526 802 3574 solamsatiunem
820 3524 856 3572 ibi
873 3524 973 3572 Seneca
990 3522 1116 3585 agnoscit.

96 3599 212 3660 ilecamp.
246 3599 346 3646 Nomen
365 3598 444 3646 habet
461 3611 476 3645 a
495 3598 551 3645 Me·
586 3595 625 3646 At
642 3605 670 3647 tu
686 3597 745 3647 vide
757 3598 868 3646 Plinium
885 3609 967 3645 ιιιίιι.
979 3600 1003 3643 7.
1015 3600 1044 3642 et
1053 3593 1117 3641 libe·

96 3671 284 3722 mdeadvccta.
317 3673 403 3721 Strab.
424 3673 552 3721 l.x1.lu
587 3671 656 3719 rabis
676 3670 754 3720 facile
773 3670 909 3732 Virgilium
927 3667 1001 3729 hujus
1021 3666 1117 3728 culpas.

96 3746 147 3797 lde
156 3747 259 3795 Media:
278 3747 394 3807 Herium,
406 3763 457 3809 qum
470 3747 552 3810 proeci·
590 3746 732 3796 assumus.

96 3835 151 3885 psus
165 3821 251 3882 nulrit,
264 3823 358 3882 proprie
379 3822 498 3869 Medicum
515 3837 552 3869 uo·
624 3821 694 3869 Vertit
716 3835 793 3869 masau
815 3818 883 3882 curu]
915 3819 982 3866 Vere
1005 3813 1117 3869 scilicet.

96 3894 166 3959 tari
175 3897 218 3942 τοῦ
226 3893 366 3956 πλεονάζειν
377 3895 483 3957 ἐνταῦθα,
493 3898 552 3957 quud
588 3895 691 3944 Servius.

96 3971 181 4019 usu.
215 3970 281 4018 Plin.
301 3983 381 4018 xv111.
401 3974 440 4018 16.
458 3970 553 4017 Medica
619 3976 667 4020 21⁷
686 3970 806 4019 Candidus
816 3969 908 4016 aurula
918 3966 995 4027 aperit
1005 3977 1058 4011 cum
1068 3976 1117 4011 mr-

96 4044 207 4093 raeliam
219 4045 329 4106 Groemae,
345 4050 372 4092 ul
389 4060 404 4092 a
421 4046 552 4094 Medisud·
586 4045 655 4092 uibus
673 4059 759 4099 uanam
784 4041 885 4102 raum]
921 4040 979 4090 Quo
993 4041 1118 4100 tempore

100 4133 146 4184 per
163 4119 223 4168 bellu
242 4121 378 4181 Persarum,
394 4135 445 4181 quoe
462 4119 554 4168 Durius
588 4128 682 4168 aunum
701 4117 786 4182 aperit
805 4113 928 4164 candidus
943 4113 1054 4175 Taurus,
1073 4111 1118 4176 qui

96 4199 120 4245 1.·
155 4192 184 4244 Si
204 4192 254 4243 tibi
275 4193 364 4257 otium,
396 4196 455 4257 lege
475 4195 552 4244 Fran.
588 4199 629 4244 cst
657 4193 753 4249 auratis
781 4189 911 4240 cornibus.
945 4199 1005 4237 nam
1032 4188 1118 4253 aperit
