2744 4696
184 326 272 396 9196
541 342 650 394 norm
672 342 875 394 vsmonunr
897 335 938 402 rrt

184 486 252 537 euim
275 485 406 547 tolerarit,
427 501 486 537 nam
511 487 625 550 respexit
647 488 716 536 illam
786 492 835 537 499
857 487 974 537 Neratio
995 486 1098 550 1111119111]
1122 487 1156 538 lu
1177 487 1283 541 mortem

183 565 622 629 ndipnlare,cumvidelicetjarn
635 563 717 613 ferme
755 563 872 612 reducta.
904 564 979 613 idere.
1188 597 1190 601 ι

184 642 298 692 oscetin
318 642 396 691 exim.
430 643 500 704 Ergo
519 641 621 690 tametsi
640 641 717 688 rietes
787 639 919 702 Conditqae
937 640 1047 688 mortio
1069 641 1160 690 uulua
1186 639 1285 704 m]

183 716 550 780 utilliresfuitr'gnoreendo.
584 715 716 778 Hiuojam
754 715 861 763 Dictum
872 716 930 778 hoe,
939 715 999 780 quia
1010 718 1097 765 rtatim
1110 718 1284 783 morsiuipsis

183 793 232 845 tibi
244 795 339 842 Lector
355 793 470 842 sordebit
486 794 595 851 Seneca,
612 791 716 850 nitidus,
753 797 872 854 apparet.
898 793 1001 841 Partem
1013 794 1082 842 enirn
1095 795 1211 856 eorporis
1222 795 1285 858 prin·

184 870 351 932 sivirgilina
373 869 491 918 abesset:
529 867 615 918 ‘Odit
639 882 715 915 verus
754 867 839 931 cipern
850 869 941 917 horror
953 869 1005 916 illic
1018 869 1125 919 invadit.
1143 869 1285 919 Simonides

183 958 265 1006 umor,
284 959 332 994 neo
361 948 461 1009 petitur
486 959 582 993 moras:
611 945 716 1006 Munus,
754 943 822 1005 apud
833 943 907 992 sub.
925 942 1022 1004 tiqui·
1042 944 1069 990 ἐν
1084 942 1202 992 mederer
1216 943 1245 992 ri
1259 942 1284 993 tt

183 1021 244 1071 dum
256 1029 378 1086 properat
388 1036 503 1083 cernere,
514 1019 643 1083 perdidit?
659 1021 717 1068 Sor·
753 1017 838 1068 cruos
857 1018 915 1069 irre
936 1018 1060 1082 widiel:
1079 1021 1209 1070 suenum
1225 1035 1284 1069 stor-

183 1096 258 1146 dsbit
281 1096 333 1146 01.
356 1097 436 1158 ι1111,
457 1110 490 1145 ne
512 1095 645 1157 detineret,
665 1108 718 1142 me·
752 1099 805 1142 tros
823 1101 928 1158 occupat,
945 1111 973 1144 oe
991 1096 1094 1144 tenebra
1110 1096 1137 1144 111
1156 1094 1236 1144 unior
1248 1097 1286 1144 de·

183 1179 268 1233 tuens,
277 1171 527 1235 avidusquevidendi
537 1171 622 1218 Flexit
630 1183 716 1219 amaus
746 1169 837 1233 finnt.
857 1171 943 1220 Polite
959 1185 1013 1220 rem
1024 1171 1090 1219 mire
1100 1170 1230 1234 expressit
1240 1184 1285 1234 per

182 1247 288 1298 oculos.'
321 1248 433 1296 Istorum
456 1248 524 1296 eninr
544 1245 654 1296 effectus
673 1261 716 1295 ne·
752 1247 861 1295 munio
884 1249 981 1296 turnino
1016 1247 1092 1310 Vide,
1113 1254 1144 1296 ut
1165 1246 1285 1310 explicui.

184 1336 310 1386 quaquam
321 1321 472 1372 conferendi
490 1337 549 1370 cum
560 1321 716 1384 virgilianis,
752 1322 833 1370 Srrmri
844 1323 1043 1386 explicationem
1060 1337 1076 1371 a
1091 1324 1225 1386 Lucretio,
1241 1322 1284 1386 qui

183 1411 232 1448 neo
244 1413 361 1456 numero,
372 1412 420 1447 neo
433 1399 528 1462 vigore.
563 1398 648 1445 cerda.
753 1410 803 1444 non
814 1397 865 1446 alio
874 1411 950 1446 seusu
961 1397 1027 1446 dixit
1038 1398 1056 1446 1.
1068 1411 1111 1446 111.
1123 1398 1231 1462 loquens
1251 1397 1284 1446 ds

217 1472 345 1536 Respexit]
354 1472 385 1522 ld
395 1480 444 1534 est,
454 1471 581 1522 commisit
590 1472 617 1520 in
625 1473 717 1536 legem,
753 1471 846 1521 ebriis:
859 1472 1283 1536 ‘tardesoltlingaamadetmenq

185 1545 235 1597 sibi
248 1547 345 1597 datum.
377 1547 481 1598 Semina.
753 1547 826 1597 Nant
834 1546 913 1611 oculi,
929 1549 1034 1610 elamor,
1051 1546 1185 1612 singultus,
1196 1548 1284 1612 jurgia

216 1621 256 1669 1u·
267 1623 342 1670 omnia
353 1621 716 1686 Effusur]1dest,fi1nctuset
753 1623 883 1687 glucent!
907 1624 1061 1687 'Virgilium
1088 1623 1203 1674 amuleti
1228 1631 1286 1673 suut

186 1694 336 1749 frustratus.
370 1697 446 1746 idem.
753 1699 836 1761 multi,
854 1699 978 1750 delectati
998 1712 1029 1748 eo
1048 1699 1184 1760 attributo,
1203 1697 1287 1763 utqui

215 1772 255 1822 lu·
264 1772 717 1837 omnirEfflrsnslobor]0vid.iturem
753 1774 872 1839 proprius
892 1774 1036 1835 admodum.
1062 1775 1130 1838 Pap.
1151 1774 1233 1824 Theb.
1253 1787 1285 1823 11.

182 1847 265 1898 hano:
283 1850 331 1898 ‘et
351 1850 468 1913 protinus
488 1851 532 1899 illa
550 1852 651 1915 relapsu
668 1857 717 1914 est,
752 1850 814 1899 ‘ille
827 1851 913 1900 oculos
925 1850 1064 1900 etiamnum
1080 1850 1107 1898 iu
1124 1850 1183 1898 luce
1200 1855 1286 1899 natan·

183 1924 346 1989 Bnohiaque
366 1925 513 1988 intendem,
533 1926 678 1990 prendique
689 1931 717 1976 et
754 1931 794 1976 tes
810 1926 894 1989 Sistit,
913 1938 941 1976 et
952 1931 1058 1990 aspecta
1069 1926 1185 1988 germani
1196 1933 1286 1991 morte,

182 2001 312 2065 prendere
333 2009 439 2064 captans
461 2002 505 2053 Nil
525 2002 572 2051 nisi
593 2002 716 2053 cedentes
754 1999 878 2050 resolvit?
891 2000 1284 2052 AlbinovandemorteDrusl:

184 2073 275 2124 infelix
286 2075 377 2139 arripit
390 2076 481 2125 auras.'
497 2077 597 2126 Seneca
615 2077 642 2126 ln
660 2077 716 2128 OEt.
753 2077 878 2127 ‘Lumina
897 2079 1018 2140 cerulea,
1039 2076 1094 2140 jam
1113 2079 1223 2142 jamque
1236 2093 1286 2146 *na*

184 2150 253 2200 ‘Sed
276 2149 338 2198 dum
361 2151 466 2212 respicit
491 2150 632 2212 immemor,
659 2153 716 2202 Nec
755 2151 837 2201 tentia
857 2152 949 2201 nocte.'
975 2151 1053 2201 Ouid.
1073 2153 1142 2202 Met.
1162 2167 1188 2203 v.
1211 2154 1285 2205 ‘Jam

184 2223 294 2274 credens
303 2224 353 2272 sibi
365 2223 492 2273 redditam
504 2226 624 2289 Orpheus
636 2229 717 2292 Eury-
754 2227 863 2277 moriens
881 2227 963 2277 eculin
979 2226 1027 2276 sub
1044 2234 1123 2277 noete
1137 2229 1285 2279 natantibus

183 2299 267 2353 dicem
278 2299 350 2364 sequi
362 2301 460 2349 Cantus
472 2303 577 2365 proemia
586 2302 716 2367 perdidit!
754 2301 828 2352 strn'
838 2302 883 2351 sil.
895 2301 952 2352 l.11.
968 2301 1190 2367 ‘Membrelevnq
1196 2319 1285 2368 parre·

184 2377 271 2427 Cerdo
754 2391 803 2442 que
815 2380 902 2426 oculos
914 2378 970 2441 jem
982 2378 1039 2426 luce
1052 2384 1171 2429 natantes
1187 2379 1286 2431 Irrorat

214 2456 262 2502 499
277 2450 394 2516 iipronur']
403 2452 434 2501 Id
444 2460 495 2514 est,
504 2454 630 2504 Plutonis.
648 2454 716 2504 Sero.
754 2453 892 2517 iacrymis!
909 2454 982 2502 Idem
993 2454 1044 2503 lx.
1054 2456 1137 2504 veluti
1148 2456 1285 2520 explicans,

217 2529 332 2594 1111111111]
359 2527 495 2590 Ἀθίλκτου,
523 2528 659 2587 inquiror:
689 2536 716 2580 et
754 2529 815 2592 quid
828 2531 861 2578 sit
871 2536 954 2579 nature
962 2531 1038 2578 oculm
1053 2531 1184 2594 inmorte,
1201 2532 1284 2581 dixit:

183 2604 291 2656 Homer.
310 2605 410 2654 ἄνακτος
424 2603 556 2666 ἀμειλίχου,
575 2614 601 2653 et
613 2604 716 2665 ἀμειλίκ·
754 2605 883 2656 ‘Exhalat
892 2607 984 2668 lucem,
992 2613 1019 2655 et
1031 2606 1179 2656 dubitantia
1190 2609 1284 2656 lumina

186 2682 237 2731 roi.
272 2682 412 2730 Gemmeus.
600 2674 604 2685 ”
754 2680 860 2730 condit!
877 2682 940 2730 Pari
948 2683 1036 2745 lepore
1045 2682 1077 2730 ad
1087 2698 1166 2745 genus
1177 2691 1287 2733 transtu·

219 2758 335 2821 Tyranni]
346 2758 386 2806 ltu
398 2757 475 2805 etiarn
488 2757 626 2805 Plutonem
638 2758 716 2806 nomi·
754 2755 785 2804 lit
803 2756 896 2818 Pupio.
913 2757 975 2806 Silv.
995 2770 1021 2807 1.
1038 2758 1108 2820 ‘jem
1121 2758 1229 2822 jamque
1245 2773 1286 2807 ua·

184 2838 231 2884 unt
241 2832 332 2881 Claud.
346 2834 411 2895 Rap.
424 2846 442 2881 1.
453 2833 461 2858 ‘
472 2831 627 2881 tremefacta
638 2831 716 2882 silent
756 2836 841 2879 tenter
851 2832 981 2879 Exeruere
993 2845 1081 2894 genas,
1093 2833 1235 2897 dulcesque
1247 2848 1286 2883 nc·

184 2908 288 2957 dicente
299 2908 422 2970 Tyranno
434 2906 526 2957 Atria!
560 2910 644 2957 Cerdo.
752 2919 855 2961 eernere
877 2904 995 2954 somnos!
1021 2907 1056 2955 Et
1076 2906 1109 2954 ad
1133 2907 1286 2957 ebrietatem

215 2988 263 3035 499
290 2985 378 3046 Terque
398 2983 488 3045 fragor
508 2984 599 3044 stagnis
621 2983 716 3032 auditus
755 2979 833 3028 ovid.
853 2981 921 3029 Fast.
941 2994 978 3028 vr.
995 2980 1075 3030 ‘Nox
1091 2988 1159 3043 erat,
1178 2988 1206 3031 et
1221 2983 1285 3032 vinis

182 3060 295 3124 naemu]
316 3061 395 3112 Quasi
408 3061 557 3109 exultarent
568 3060 666 3108 umbra·
679 3073 716 3108 re·
755 3055 874 3119 oculique
886 3054 1014 3118 animique
1026 3055 1170 3106 notabant!
1189 3058 1274 3106 Cerdo·

182 3135 239 3186 ditu
250 3136 403 3198 Eurydices.
421 3136 539 3184 Lucanus
552 3134 617 3182 dicit
629 3134 653 3181 iu
667 3135 716 3184 Or·
786 3128 896 3192 Somnus]
912 3131 969 3178 AEu.
990 3142 1017 3179 x.
1039 3129 1111 3178 ‘Olli
1131 3132 1195 3181 dura
1215 3133 1285 3198 quies

182 3210 250 3277 pheo
262 3211 400 3274 strepitum
410 3210 509 3260 fectum
529 3211 652 3260 redeunte
665 3212 714 3259 Eu·
754 3207 840 3254 oculos
849 3213 877 3255 et
887 3204 985 3255 ferreus
994 3214 1071 3268 urget
1080 3207 1206 3256 Somnus?
1218 3210 1244 3259 N
1246 3224 1285 3259 aru

182 3286 282 3349 rydioe,
302 3287 335 3335 ob
345 3288 403 3348 hoo,
420 3287 479 3351 quia
490 3288 497 3314 ‘
507 3287 620 3350 gandent
631 3300 646 3335 a
656 3288 714 3336 luce
755 3283 828 3332 Mors
839 3291 867 3333 et
879 3284 986 3331 Somnus
1000 3281 1095 3331 fratres
1105 3289 1174 3333 aunt.
1211 3285 1284 3334 Toui-

182 3362 299 3412 relictam
310 3362 467 3424 Eurydicen,
477 3364 570 3413 iterum
581 3370 715 3427 sperantes
753 3375 833 3408 moure.

182 3436 403 3499 Orpheamaues.’
437 3438 541 3488 Seruius.
786 3439 834 3485 497
845 3436 945 3496 dumque
956 3436 1015 3484 nole.
1049 3434 1284 3496 Feroringenticr'r·

217 3512 305 3574 Terque
315 3511 404 3572 fragor
420 3514 513 3574 stagnis
529 3515 625 3563 nuditus
641 3514 716 3572 Aper·
753 3512 862 3559 cornuue
880 3509 958 3572 nocte]
977 3512 1013 3558 Et
1030 3510 1071 3558 iric
1091 3525 1123 3558 ex
1145 3513 1239 3576 Eurip.
1259 3513 1285 3562 iu

182 3585 231 3650 nu]
254 3587 283 3635 ln
296 3587 409 3635 Romano
421 3586 510 3636 codice
522 3588 623 3652 legitur,
635 3595 714 3652 terque
755 3586 881 3635 Plenus.
894 3599 980 3634 versus
994 3585 1041 3633 sub
1058 3600 1168 3649 persona
1186 3589 1287 3652 Polyni-

172 3663 265 3727 srugor
275 3662 507 3724 unguentorum
516 3664 627 3713 Auernis.
657 3666 712 3714 Coe·
755 3662 911 3712 oisauimam
929 3663 1037 3724 ngeutis,
1056 3669 1085 3711 et
1104 3664 1162 3713 haec
1185 3664 1220 3713 ed
1238 3679 1287 3713 ma·

184 3744 267 3789 terum
286 3739 312 3785 in
334 3753 365 3786 eo
383 3738 478 3786 litterae
497 3740 599 3788 omuino
616 3739 715 3804 aliquot
754 3746 820 3788 trem
833 3743 860 3786 et
871 3750 998 3785 sororem:
1016 3736 1055 3785 eni
1066 3728 1166 3800 xuiper',
1183 3739 1229 3797 ἤδη
1241 3737 1287 3803 γάρ

183 3811 327 3878 superflue.
359 3814 390 3862 In
405 3814 523 3864 illedieeo
535 3816 637 3864 Auernis
648 3823 714 3878 erat,
753 3810 1035 3876 uexeprddnuuoudros.
1070 3813 1214 3867 Germanus.

183 3903 253 3941 nuno
264 3904 276 3937 s
288 3890 379 3937 ultima
398 3891 486 3939 littera
506 3892 599 3941 abrasa
617 3899 667 3952 est,
686 3897 715 3941 ut
785 3891 887 3952 Jamque
905 3893 964 3938 nole.
982 3889 1059 3938 Feror
1077 3888 1172 3950 ingenti
1192 3891 1287 3939 circurn-

183 3977 242 4013 oum
253 3963 342 4013 Servio
354 3965 463 4013 sentiret
473 3965 562 4016 lectio.
596 3967 701 4015 Pierim.
753 3967 811 4014 doto
829 3965 907 4026 noete]
924 3967 1037 4014 Paratur
1055 3965 1098 4014 hic
1120 3980 1210 4017 uersus
1230 3982 1287 4017 eou-

215 4043 264 4089 495
282 4040 374 4088 Iterum
394 4041 499 4090 crudelia
514 4051 579 4091 retro
597 4044 661 4093 Feta
677 4058 715 4090 no·
754 4057 842 4091 versus
860 4057 892 4090 ex
911 4044 972 4090 Eur.
994 4043 1020 4090 iu
1039 4041 1129 4092 Phoeu.
1150 4042 1195 4091 ubi
1214 4044 1288 4107 Poly*-

182 4113 248 4176 eeu]
260 4115 384 4166 Ovidius:
402 4117 465 4167 ‘Bis
477 4118 585 4186 rapitur,
601 4118 716 4184 vixitque
754 4118 826 4167 nioes
845 4133 922 4183 agens
939 4118 1057 4181 ammam,
1075 4118 1113 4166 ita
1127 4119 1244 4184 loquitur
1255 4121 1288 4169 ed

183 4188 279 4246 tumel?
311 4191 414 4246 Seruius.
754 4192 1288 4264 matremetsororem,rnixetper',qoqptp
