2744 4696
427 342 571 392 vmom.
615 344 750 392 cuono.
774 344 816 391 τι.
1086 332 1168 404 1891

68 485 111 536 loca
122 499 197 535 mun
209 485 352 547 caporum
366 483 479 546 carpum
494 483 549 534 belli
565 484 598 533 ri·
636 485 757 550 gendum.
800 483 918 534 Renidere
942 486 1010 536 enim
1036 491 1169 553 proprium

69 564 170 612 nnlacm
188 561 289 610 rimer.-
322 559 356 608 m
384 559 476 608 οἱοόιοτοΔ
498 561 600 609 uolitant
637 562 696 610 uaris
707 567 756 623 est,
773 574 850 624 quum
862 561 971 624 politum
985 569 1012 610 et
1028 565 1170 629 levigatum

69 639 162 700 opsita
175 638 307 698 mediomu
317 639 414 698 repente
424 635 603 685 limenittunt·
637 635 729 685 luerit:
748 634 892 698 cujusmodi
901 649 958 685 esee
967 651 1037 686 arma
1047 639 1170 692 decorum

66 714 141 762 calido
148 712 283 774 Macies
291 711 378 774 tapete
388 724 492 773 campos:
503 711 599 774 Fulgnr
638 718 687 772 est,
697 711 765 776 quod
777 711 911 774 aVeqetio
922 713 1082 776 praecipitur.
1103 718 1172 766 Nam

68 789 99 838 ibi
119 791 154 838 od
168 790 252 837 eoelnrn
268 803 294 836 se
314 788 386 850 tollit,
401 793 496 851 totoque
511 789 602 838 eirenen
638 795 666 837 et
675 789 788 848 Servius,
797 786 911 850 fluctum
925 788 1045 852 splendet
1056 793 1172 854 exponit,

67 867 125 915 dire
141 865 268 914 renidescit
285 866 362 925 tellao,
383 864 505 926 subterque
521 865 601 914 oirern
640 870 670 912 ut
696 864 729 911 ab
751 864 798 912 hac
821 863 951 913 sententia
976 878 1026 912 nou
1055 867 1171 919 recedat.

67 942 89 991 ai
107 942 213 991 Enitar
229 943 325 1004 pedibas
341 944 440 1004 sonitus,
455 943 600 1005 clamoreque
639 939 764 991 Quamvis
783 939 807 986 id
829 954 877 1003 per
893 942 1068 1002 metaphoram
1085 944 1172 1005 potius

67 1022 157 1067 nontee
177 1018 227 1066 loti
248 1018 364 1077 reiectant
381 1034 447 1068 voees
467 1020 499 1066 ad
522 1019 601 1067 sidera
640 1013 740 1064 dictum
760 1014 873 1078 videtur,
896 1030 927 1065 eo
950 1016 1017 1079 quod
1037 1016 1172 1070 instructis

69 1094 157 1143 maadi.
192 1093 346 1143 Germanus.
641 1089 709 1139 acies
720 1089 845 1140 fluctuum
862 1091 1018 1141 marinorum
1031 1093 1113 1143 instar
1122 1110 1175 1145 mo-

102 1169 310 1231 Utsoepeingenti
321 1167 389 1230 bello]
416 1168 600 1218 Vultarbores
641 1166 696 1215 veri
708 1166 836 1216 videntur.
870 1167 1070 1232 Reniderevero‚
1087 1185 1174 1235 quam-

70 1251 131 1308 apte
151 1244 214 1308 poni
231 1250 261 1295 et
278 1244 339 1307 seri,
354 1244 387 1293 sd
398 1246 544 1308 exemplum
559 1245 605 1293 mi·
640 1243 680 1291 vin
691 1243 899 1304 apudCatullum
911 1250 937 1292 et
946 1244 1058 1294 Statium
1070 1247 1175 1297 adblan-

68 1321 141 1383 litiae,
162 1321 189 1369 in
208 1335 258 1384 qua
274 1319 400 1383 manipuli
421 1325 467 1369 aut
482 1320 604 1370 cohortes
641 1317 764 1367 ditionem
784 1319 912 1382 quandam
940 1320 1085 1383 significare
1105 1322 1175 1374 vide·

70 1397 121 1447 situ
132 1396 185 1446 isto
194 1396 333 1446 alternanti
343 1397 515 1459 explicantur.
537 1396 604 1445 Vide
642 1399 718 1442 atur:
736 1394 805 1456 apud
817 1395 955 1444 Horatium
972 1403 1058 1445 tamen
1076 1413 1107 1448 eo
1127 1401 1175 1463 sig·

70 1472 186 1536 lipsium
204 1471 283 1520 Milit.
302 1472 334 1522 R
351 1484 389 1522 ιν.
402 1477 425 1521 1.
445 1477 474 1520 et
492 1472 526 1521 de
542 1473 605 1536 legi-
640 1469 748 1519 nificatu
759 1471 868 1532 dictum,
880 1486 931 1536 qno
942 1472 983 1520 bic
996 1474 1118 1538 Virgilius
1128 1477 1177 1525 uti·

70 1561 119 1598 one
128 1552 274 1598 u.4.et5.
309 1538 455 1597 Tmrbrnbnn.
643 1552 694 1607 tur,
711 1547 842 1610 Nonebur,
858 1562 1102 1610 nequeunreum'mea
1112 1553 1176 1602 reni·

86 1626 153 1673 -280
167 1621 272 1684 mes]
298 1624 393 1685 ΑΜ
423 1623 529 1686 proprie
556 1628 606 1686 est,
641 1621 910 1671 detindomolacanor.
943 1623 1052 1674 Pierius.

72 1698 301 1759 auctorabilem,
316 1698 436 1748 ordinate
455 1700 605 1762 multitudo,
676 1698 781 1747 Maereat
791 1699 893 1761 Prelio]
924 1700 972 1749 Est
983 1701 1097 1752 Lucretii
1107 1704 1125 1753 1.
1138 1717 1177 1756 lv,

72 1790 122 1826 uon
142 1780 223 1837 stans,
238 1775 284 1824 sed
303 1789 359 1824 sese
375 1789 454 1838 agens
474 1781 502 1826 et
520 1776 607 1827 ambu-
644 1773 725 1833 Reges
750 1778 896 1836 expugnant,
928 1776 1063 1840 captantur,
1092 1780 1178 1841 prelia

73 1853 136 1902 lna.
155 1849 444 1914 Graecis-riquardum.
477 1854 511 1901 V.
528 1867 553 1903 n.
571 1853 606 1903 N.
643 1848 749 1898 miscent.
784 1849 878 1899 cerda.

73 1926 130 1979 AEn.
141 1943 168 1977 v.
179 1931 236 1976 19⁰.
270 1927 346 1976 ldern.
676 1927 724 1972 28³
757 1924 850 1973 Dubiam
876 1925 958 1988 Merra]
990 1926 1068 1976 Hom.
1101 1927 1178 1976 ἄλλο.

104 2006 154 2053 2⁸1
167 2003 321 2065 Direetuque
332 2003 529 2067 aeternalium.
543 2003 607 2053 eod.
644 1995 780 2060 ττρόσσλλοτ
791 1999 864 2047 Mars
875 2007 923 2063 est,
936 2001 1056 2063 Ciceroni
1076 2018 1177 2054 corennu-

74 2077 166 2142 ethic,
181 2083 210 2128 et
222 2079 292 2138 alibi,
307 2082 405 2129 detecte
426 2081 531 2144 legitur.
559 2081 608 2129 Ea·
644 2074 880 2139 maledicentem.
912 2079 1070 2129 Taubmann.

76 2153 185 2218 danque
193 2154 272 2204 lectio
282 2155 309 2202 iu
320 2155 450 2205 Mediceo.
474 2156 580 2204 Pierius.
678 2155 726 2200 284
739 2151 862 2214 Numerio]
873 2152 1095 2205 ordinationibus.
1109 2155 1177 2207 Sere.

86 2229 230 2292 Flam]
245 2230 380 2294 Splendet.
412 2231 517 2280 Seruium
680 2228 767 2276 Omnia
784 2229 833 2276 sint
850 2243 905 2291 pur.
921 2238 985 2278 num.
1001 2230 1059 2278 dim.
1076 2231 1179 2295 οτόηοο]

88 2308 157 2354 .Ξῆ
171 2307 233 2355 AEre
256 2307 374 2355 renidenti
395 2306 473 2368 tellau]
511 2305 554 2356 Sic
581 2311 609 2356 et
646 2304 705 2353 Hoc
718 2302 831 2353 refertur
841 2304 873 2352 ad
885 2305 1003 2368 superius
1014 2305 1086 2367 illud,
1096 2309 1179 2357 ludul-

76 2381 167 2444 linrip.
188 2381 215 2429 in
236 2382 363 2432 Phaenius.
380 2380 534 2443 κατάχαλκον
547 2379 610 2430 ὅταν
644 2393 676 2440 ge
695 2379 825 2427 ordinibus.
858 2380 897 2428 Ut
920 2387 1006 2429 antem
1030 2381 1072 2430 bic
1093 2382 1178 2432 Poeta

76 2454 155 2505 πεδίον
170 2454 308 2520 ἐντρέπει.
345 2458 383 2506 Ut
402 2464 489 2507 antem
504 2457 610 2520 fluctuet
646 2453 748 2504 confert
758 2461 786 2503 et
797 2455 937 2504 committit
947 2456 1067 2504 arborum
1076 2457 1179 2508 ordines

78 2532 144 2582 dixit
156 2533 266 2595 cereseio
282 2539 311 2582 et
332 2532 611 2596 Eurip.in1phip.in
647 2546 705 2580 cum
725 2530 888 2593 militaribus,
913 2532 995 2595 Cyrus
1021 2548 1123 2598 quoque
1144 2535 1178 2584 de

77 2609 153 2659 Taur.
174 2605 279 2670 ριόμτττο
301 2611 406 2671 στρατοῦ
426 2609 509 2658 dixit:
537 2615 565 2659 et
583 2608 610 2657 in
646 2607 779 2656 hortorum
793 2620 896 2655 suorum
913 2613 941 2655 et
958 2607 1078 2656 arborum
1093 2609 1180 2658 distri-

77 2685 171 2748 Rbeno,
191 2685 289 2748 epium
307 2683 365 2748 ῥέον
386 2685 543 2750 reperiret
565 2687 611 2735 So·
648 2682 754 2731 butioue
776 2688 803 2730 et
823 2680 916 2746 εὐταξίᾳ
936 2682 1056 2745 glorians,
1075 2683 1178 2733 ordines

77 2761 163 2825 phoci.
181 2762 216 2810 de
232 2762 317 2811 hostili
338 2763 439 2825 agmine
456 2763 482 2810 in
503 2762 610 2825 Antigo.
647 2773 705 2806 suos
726 2756 837 2806 vocabat
858 2758 974 2807 alludens
994 2758 1026 2807 ad
1054 2760 1179 2810 militium.
1258 2793 1262 2800 -

77 2835 199 2898 nnl‘unc‘is
228 2835 310 2885 ἰσιδὼν
328 2840 412 2898 πολλῷ
428 2835 525 2900 ῥεύματι
540 2851 611 2901 rpor-
648 2837 742 2900 Itaque
764 2841 792 2884 et
814 2835 951 2884 convenire
972 2835 1083 2899 videtur,
1110 2836 1179 2901 quod

77 2909 228 2973 νισσομένους
242 2913 333 2976 χρυσοῦ
343 2917 449 2974 aunxis
461 2912 611 2981 brenmulae.
649 2911 749 2961 Graecis
760 2911 888 2975 significat
903 2910 987 2972 στίχος
1003 2919 1057 2961 tam
1068 2928 1180 2978 versum,

77 2988 113 3037 Et
122 2987 239 3050 AEschyl.
258 2987 285 3035 in
296 2987 365 3048 iuri,
381 2989 442 3048 κῦμα
453 2991 562 3052 στρατοῦ·
584 2995 612 3038 et
649 2987 697 3036 hoc
712 2994 762 3048 est,
778 2987 881 3037 ordines
897 2988 1025 3052 arborum,
1041 3003 1117 3053 quam
1128 3004 1180 3039 ma·

77 3059 325 3125 byoopnrrlopm
346 3064 366 3111 δ’
388 3064 451 3113 ὥστε
472 3063 542 3123 unior
556 3065 616 3126 peel
649 3063 763 3126 nipulum
792 3065 901 3113 militum
932 3071 961 3115 et
989 3062 1073 3127 riter:
1111 3067 1180 3117 unde

78 3139 184 3202 Λὴχοιο
214 3138 410 3196 οποστίλβοντες·
437 3147 466 3191 et
492 3143 613 3207 Xenoph.
649 3137 765 3199 στιχηδοτ
784 3139 943 3199 adverbium,
975 3145 1004 3189 et
1022 3139 1132 3202 στιχίζο,
1152 3149 1181 3191 et

78 3213 214 3279 στράτευμα
234 3218 343 3275 mambae
362 3223 448 3268 vocat.
474 3218 613 3268 Lueretius
649 3217 777 3274 στιχῶμστ.
813 3214 891 3265 Hom.
921 3214 954 3264 ΙΙ.
982 3221 1008 3264 Β.
1036 3213 1179 3276 ἐστιχόωντο

78 3289 244 3351 recusavere
256 3291 335 3341 etiam
352 3293 386 3341 ad
404 3292 538 3343 instructa
548 3293 613 3343 aciei
648 3288 741 3337 Ἰλσδὸν
762 3286 794 3337 eir
819 3288 916 3352 ἀγορὴν,
932 3289 1031 3357 idest,
1065 3289 1092 3362 {r
1117 3288 1181 3354 τάξει

79 3368 455 3430 pmgreaanmtramtulitl.r1.
473 3383 532 3418 cnm
543 3369 614 3419 ebul·
649 3364 828 3428 παρεγίγνοντο.
840 3368 937 3426 στοῖχος
948 3366 1023 3414 etiam
1036 3365 1141 3432 dicitur,
1153 3375 1181 3418 et

79 3442 136 3495 litio
156 3448 185 3492 et
205 3441 293 3493 fervor
311 3443 481 3494 fluctuantem
505 3452 614 3495 amman.
650 3443 743 3503 στοῖχοι
754 3456 801 3504 pro
815 3441 946 3491 ordinibus
957 3441 984 3490 iu
1000 3442 1181 3508 quincuncem,

79 3523 187 3582 temque
197 3517 292 3567 undum
301 3519 444 3570 imitentur.
472 3521 513 3569 Sic
525 3526 613 3570 autem
650 3522 678 3566 et
689 3516 849 3579 militaribus,
866 3522 894 3566 et
909 3515 1020 3580 στοιχέο,
1038 3525 1066 3569 et
1084 3535 1181 3581 στοιχη-

80 3593 142 3643 ἱΙΙοι
160 3595 264 3656 Qum
278 3610 322 3658 per
342 3597 392 3645 loce
413 3597 490 3660 campi
511 3599 613 3647 Fercerc
650 3592 697 3642 δύο·
716 3594 779 3644 ordo
796 3594 875 3644 etiam
887 3594 914 3642 in
926 3596 1096 3660 quincuncem
1107 3595 1181 3658 ὄγμος

80 3668 426 3729 Μοίἀσω,ὸοὶλίήτοοιὶσοτσ
436 3673 540 3730 cientes,·
556 3673 614 3722 Fer-
650 3670 753 3720 dicitur.
780 3672 900 3734 Propert.
915 3671 948 3720 de
965 3673 1096 3721 ordinibus
1106 3674 1181 3722 arbo·

82 3760 197 3795 nereensis
204 3747 286 3796 aneu
293 3748 398 3810 ciatrem
412 3749 502 3810 lateque
515 3748 613 3810 meri:
650 3761 720 3795 rrum:
740 3748 774 3795 Et
784 3747 863 3796 creber
870 3748 964 3809 puriter
971 3748 1076 3811 platanis
1084 3763 1181 3810 surgen·

84 3826 253 3884 utetpoatea
264 3823 340 3872 Mero
350 3823 408 3872 AEn.
419 3836 481 3873 v111.
511 3824 615 3874 Ferurre
649 3822 713 3872 tibus
722 3825 791 3870 ordo:
811 3823 925 3886 quamvis
943 3824 976 3873 de
987 3838 1048 3873 area
1057 3829 1085 3872 et
1095 3823 1180 3887 spatio

84 3896 208 3947 meam.
242 3898 393 3950 Germanus.
650 3900 725 3948 Maro
747 3899 887 3962 accepisse,
911 3899 1032 3962 Propert.
1056 3897 1181 3962 magnitu-

112 3974 174 4023 AEre
191 3972 308 4022 renidenti
329 3975 409 4037 tellas]
429 3975 462 4025 In
480 3975 616 4026 codicibun
650 3974 744 4035 dinem,
761 3981 789 4023 et
810 3975 985 4038 equalitatem
1006 3975 1125 4024 arborum
1141 3988 1181 4027 re·-

86 4048 181 4112 aliquot
205 4050 318 4099 renitenti
342 4052 443 4114 syllaba
465 4052 620 4117 refragante·
650 4049 902 4112 aperissevidcatur.
935 4049 1075 4115 Germanum

84 4120 185 4187 legitur.
213 4124 267 4174 Sed
277 4127 482 4191 enim-renidenti,
495 4142 557 4178 cum
563 4129 613 4177 Ro·
682 4130 730 4174 285
742 4125 982 4189 Pareatprorpeetas]
991 4122 1132 4174 Delectet:
1142 4131 1182 4188 ut,

73 4209 158 4251 ‘nano
176 4200 280 4266 eadee,
294 4208 323 4252 et
337 4202 494 4268 quibusdam
506 4203 563 4255 aliis
579 4204 614 4253 le·
649 4200 1018 4266 mque-ummmpictorupaseit
1028 4199 1103 4251 inani.
1122 4192 1179 4253 ser.
