<?xml version="1.0" encoding="UTF-8"?>
<!DOCTYPE html PUBLIC "-//W3C//DTD XHTML 1.0 Transitional//EN"
    "http://www.w3.org/TR/xhtml1/DTD/xhtml1-transitional.dtd">
<html xmlns="http://www.w3.org/1999/xhtml" xml:lang="en" lang="en">
 <head>
  <title>
</title>
<meta http-equiv="Content-Type" content="text/html;charset=utf-8" />
  <meta name='ocr-system' content='tesseract 3.04.00' />
  <meta name='ocr-capabilities' content='ocr_page ocr_carea ocr_par ocr_line ocrx_word'/>
</head>
<body>
  <div class='ocr_page' id='page_1' title='image "./pvirgiliimaroni01virggoog/pvirgiliimaroni01virggoog_0333.png"; bbox 0 0 2744 4696; ppageno 0'>
   <div class='ocr_carea' id='block_1_1' title="bbox 483 317 1233 393">
    <p class='ocr_par' dir='ltr' id='par_1_1' title="bbox 483 317 1233 393">
     <span class='ocr_line' id='line_1_1' title="bbox 483 317 1233 393; baseline 0.007 -5"><span class='ocrx_word' id='word_1_1' title='bbox 483 335 627 390; x_wconf 69' lang='lat' dir='ltr'>vinnm.</span> <span class='ocrx_word' id='word_1_2' title='bbox 671 339 818 390; x_wconf 74' lang='lat' dir='ltr'>anonu—</span> <span class='ocrx_word' id='word_1_3' title='bbox 846 333 888 389; x_wconf 83' lang='lat' dir='ltr'>rt.</span> <span class='ocrx_word' id='word_1_4' title='bbox 1147 317 1233 393; x_wconf 72' lang='lat'>2051</span> 
     </span>
    </p>
   </div>
   <div class='ocr_carea' id='block_1_2' title="bbox 128 473 1240 1385">
    <p class='ocr_par' dir='ltr' id='par_1_2' title="bbox 129 473 1237 698">
     <span class='ocr_line' id='line_1_2' title="bbox 129 473 1236 546; baseline 0.002 -13"><span class='ocrx_word' id='word_1_5' title='bbox 129 486 190 534; x_wconf 78' lang='lat' dir='ltr'>tate.</span> <span class='ocrx_word' id='word_1_6' title='bbox 213 479 251 532; x_wconf 84' lang='lat' dir='ltr'>sic</span> <span class='ocrx_word' id='word_1_7' title='bbox 271 480 365 532; x_wconf 83' lang='lat' dir='ltr'>Horat.</span> <span class='ocrx_word' id='word_1_8' title='bbox 380 480 422 532; x_wconf 91' lang='lat' dir='ltr'>od.</span> <span class='ocrx_word' id='word_1_9' title='bbox 441 496 479 532; x_wconf 83' lang='grc' dir='ltr'>ιν.</span> <span class='ocrx_word' id='word_1_10' title='bbox 497 487 538 532; x_wconf 74' lang='lat' dir='ltr'>ll.</span> <span class='ocrx_word' id='word_1_11' title='bbox 560 484 665 532; x_wconf 78' lang='lat' dir='ltr'>Exercet</span> <span class='ocrx_word' id='word_1_12' title='bbox 702 482 784 533; x_wconf 84' lang='lat' dir='ltr'>obviis</span> <span class='ocrx_word' id='word_1_13' title='bbox 794 481 826 533; x_wconf 86' lang='lat' dir='ltr'>ad</span> <span class='ocrx_word' id='word_1_14' title='bbox 837 473 957 533; x_wconf 84' lang='lat' dir='ltr'>vecturas</span> <span class='ocrx_word' id='word_1_15' title='bbox 968 479 1008 532; x_wconf 89' lang='lat' dir='ltr'>uti</span> <span class='ocrx_word' id='word_1_16' title='bbox 1019 473 1166 546; x_wconf 80' lang='lat' dir='ltr'>cogeretur.</span> <span class='ocrx_word' id='word_1_17' title='bbox 1183 486 1236 535; x_wconf 87' lang='lat' dir='ltr'>Vc·</span> 
     </span>
     <span class='ocr_line' id='line_1_3' title="bbox 129 557 1236 624; baseline 0.004 -17"><span class='ocrx_word' id='word_1_18' title='bbox 129 563 208 615; x_wconf 60' lang='lat' dir='ltr'>maer</span> <span class='ocrx_word' id='word_1_19' title='bbox 217 557 344 608; x_wconf 64' lang='lat' dir='ltr'>Pleiadum</span> <span class='ocrx_word' id='word_1_20' title='bbox 354 557 423 607; x_wconf 83' lang='lat' dir='ltr'>cboro</span> <span class='ocrx_word' id='word_1_21' title='bbox 434 558 559 608; x_wconf 77' lang='lat' dir='ltr'>Scindente</span> <span class='ocrx_word' id='word_1_22' title='bbox 575 558 664 610; x_wconf 74' lang='lat' dir='ltr'>sabeis.</span> <span class='ocrx_word' id='word_1_23' title='bbox 703 567 772 610; x_wconf 87' lang='lat' dir='ltr'>teres</span> <span class='ocrx_word' id='word_1_24' title='bbox 791 560 897 624; x_wconf 90' lang='lat' dir='ltr'>qnippe,</span> <span class='ocrx_word' id='word_1_25' title='bbox 908 565 938 609; x_wconf 92' lang='lat' dir='ltr'>nt</span> <span class='ocrx_word' id='word_1_26' title='bbox 949 564 977 608; x_wconf 90' lang='lat' dir='ltr'>et</span> <span class='ocrx_word' id='word_1_27' title='bbox 989 565 1084 608; x_wconf 85' lang='lat' dir='ltr'>nostrae</span> <span class='ocrx_word' id='word_1_28' title='bbox 1095 560 1180 610; x_wconf 85' lang='lat' dir='ltr'>aetatis</span> <span class='ocrx_word' id='word_1_29' title='bbox 1191 561 1236 611; x_wconf 89' lang='lat' dir='ltr'>bo·</span> 
     </span>
     <span class='ocr_line' id='line_1_4' title="bbox 131 634 1237 698; baseline 0.002 -13"><span class='ocrx_word' id='word_1_30' title='bbox 131 635 291 685; x_wconf 83' lang='lat' dir='ltr'>Emmeuess.</span> <span class='ocrx_word' id='word_1_31' title='bbox 605 652 608 657; x_wconf 93' lang='lat'>·</span> <span class='ocrx_word' id='word_1_32' title='bbox 701 635 793 697; x_wconf 91' lang='lat' dir='ltr'>mines,</span> <span class='ocrx_word' id='word_1_33' title='bbox 801 649 852 683; x_wconf 90' lang='lat' dir='ltr'>nou</span> <span class='ocrx_word' id='word_1_34' title='bbox 863 637 945 685; x_wconf 84' lang='lat' dir='ltr'>solum</span> <span class='ocrx_word' id='word_1_35' title='bbox 964 634 991 683; x_wconf 94' lang='lat' dir='ltr'>iu</span> <span class='ocrx_word' id='word_1_36' title='bbox 1003 648 1082 698; x_wconf 87' lang='lat' dir='ltr'>opere</span> <span class='ocrx_word' id='word_1_37' title='bbox 1093 636 1188 686; x_wconf 89' lang='lat' dir='ltr'>rustico</span> <span class='ocrx_word' id='word_1_38' title='bbox 1200 634 1237 687; x_wconf 80' lang='lat' dir='ltr'>fa·</span> 
     </span>
    </p>

    <p class='ocr_par' dir='ltr' id='par_1_3' title="bbox 130 710 1238 933">
     <span class='ocr_line' id='line_1_5' title="bbox 162 710 1237 776; baseline 0.003 -16"><span class='ocrx_word' id='word_1_39' title='bbox 162 715 212 762; x_wconf 71' lang='lat'>⁵80</span> <span class='ocrx_word' id='word_1_40' title='bbox 229 711 383 764; x_wconf 78' lang='lat' dir='ltr'>Necromaos</span> <span class='ocrx_word' id='word_1_41' title='bbox 393 710 512 774; x_wconf 74' lang='lat' dir='ltr'>abrumpit</span> <span class='ocrx_word' id='word_1_42' title='bbox 528 725 587 759; x_wconf 84' lang='lat' dir='ltr'>curu</span> <span class='ocrx_word' id='word_1_43' title='bbox 603 710 665 760; x_wconf 73' lang='lat' dir='ltr'>aala-</span> <span class='ocrx_word' id='word_1_44' title='bbox 703 712 804 776; x_wconf 89' lang='lat' dir='ltr'>ciendo,</span> <span class='ocrx_word' id='word_1_45' title='bbox 825 726 858 761; x_wconf 92' lang='lat' dir='ltr'>ex</span> <span class='ocrx_word' id='word_1_46' title='bbox 881 718 999 761; x_wconf 87' lang='lat' dir='ltr'>armento</span> <span class='ocrx_word' id='word_1_47' title='bbox 1022 711 1136 761; x_wconf 87' lang='lat' dir='ltr'>veterina</span> <span class='ocrx_word' id='word_1_48' title='bbox 1162 713 1237 776; x_wconf 83' lang='lat' dir='ltr'>paria</span> 
     </span>
     <span class='ocr_line' id='line_1_6' title="bbox 130 786 1238 855; baseline -0.003 -14"><span class='ocrx_word' id='word_1_49' title='bbox 130 791 193 855; x_wconf 83' lang='lat' dir='ltr'>brea]</span> <span class='ocrx_word' id='word_1_50' title='bbox 215 790 257 840; x_wconf 83' lang='lat' dir='ltr'>Ex</span> <span class='ocrx_word' id='word_1_51' title='bbox 279 804 341 840; x_wconf 90' lang='lat' dir='ltr'>cura</span> <span class='ocrx_word' id='word_1_52' title='bbox 362 791 431 840; x_wconf 90' lang='lat' dir='ltr'>enim</span> <span class='ocrx_word' id='word_1_53' title='bbox 454 789 539 852; x_wconf 89' lang='lat' dir='ltr'>nimia,</span> <span class='ocrx_word' id='word_1_54' title='bbox 571 789 665 853; x_wconf 75' lang='lat' dir='ltr'>vigilias</span> <span class='ocrx_word' id='word_1_55' title='bbox 703 787 808 836; x_wconf 86' lang='lat' dir='ltr'>delectu</span> <span class='ocrx_word' id='word_1_56' title='bbox 830 786 1024 851; x_wconf 79' lang='lat' dir='ltr'>conjungebant</span> <span class='ocrx_word' id='word_1_57' title='bbox 1052 794 1080 836; x_wconf 87' lang='lat' dir='ltr'>et</span> <span class='ocrx_word' id='word_1_58' title='bbox 1105 802 1238 852; x_wconf 84' lang='lat' dir='ltr'>compers-</span> 
     </span>
     <span class='ocr_line' id='line_1_7' title="bbox 131 862 1238 933; baseline -0.004 -15"><span class='ocrx_word' id='word_1_59' title='bbox 131 875 311 933; x_wconf 72' lang='lat' dir='ltr'>procreantur.</span> <span class='ocrx_word' id='word_1_60' title='bbox 344 867 449 918; x_wconf 81' lang='lat' dir='ltr'>Sernr&#39;us.</span> <span class='ocrx_word' id='word_1_61' title='bbox 703 862 783 925; x_wconf 81' lang='lat' dir='ltr'>baut3</span> <span class='ocrx_word' id='word_1_62' title='bbox 801 862 847 912; x_wconf 93' lang='lat' dir='ltr'>sed</span> <span class='ocrx_word' id='word_1_63' title='bbox 867 863 936 912; x_wconf 91' lang='lat' dir='ltr'>inter</span> <span class='ocrx_word' id='word_1_64' title='bbox 955 863 1064 912; x_wconf 85' lang='lat' dir='ltr'>nrbauas</span> <span class='ocrx_word' id='word_1_65' title='bbox 1080 863 1193 927; x_wconf 86' lang='lat' dir='ltr'>delitias,</span> <span class='ocrx_word' id='word_1_66' title='bbox 1211 863 1238 914; x_wconf 89' lang='lat' dir='ltr'>lu</span> 
     </span>
    </p>

    <p class='ocr_par' dir='ltr' id='par_1_4' title="bbox 128 939 1240 1308">
     <span class='ocr_line' id='line_1_8' title="bbox 162 939 1238 1008; baseline -0.004 -14"><span class='ocrx_word' id='word_1_67' title='bbox 162 944 261 994; x_wconf 66' lang='lat' dir='ltr'>&amp;mace</span> <span class='ocrx_word' id='word_1_68' title='bbox 277 942 410 1007; x_wconf 77' lang='lat' dir='ltr'>abrumpit]</span> <span class='ocrx_word' id='word_1_69' title='bbox 430 943 483 993; x_wconf 93' lang='lat' dir='ltr'>Pro</span> <span class='ocrx_word' id='word_1_70' title='bbox 503 958 554 1008; x_wconf 92' lang='lat' dir='ltr'>quo</span> <span class='ocrx_word' id='word_1_71' title='bbox 572 941 666 993; x_wconf 84' lang='lat' dir='ltr'>Horat.</span> <span class='ocrx_word' id='word_1_72' title='bbox 703 939 844 1002; x_wconf 82' lang='lat' dir='ltr'>carpentis,</span> <span class='ocrx_word' id='word_1_73' title='bbox 853 939 1004 1003; x_wconf 85' lang='lat' dir='ltr'>vectabulis,</span> <span class='ocrx_word' id='word_1_74' title='bbox 1016 939 1238 1003; x_wconf 81' lang='lat' dir='ltr'>triumphantium·</span> 
     </span>
     <span class='ocr_line' id='line_1_9' title="bbox 128 1015 1237 1085; baseline -0.005 -17"><span class='ocrx_word' id='word_1_75' title='bbox 128 1021 216 1085; x_wconf 77' lang='lat' dir='ltr'>Epist.</span> <span class='ocrx_word' id='word_1_76' title='bbox 232 1034 251 1071; x_wconf 90' lang='lat'>1.</span> <span class='ocrx_word' id='word_1_77' title='bbox 264 1025 304 1071; x_wconf 81' lang='lat'>1⁰.</span> <span class='ocrx_word' id='word_1_78' title='bbox 338 1021 385 1069; x_wconf 81' lang='lat' dir='ltr'>Est</span> <span class='ocrx_word' id='word_1_79' title='bbox 400 1019 441 1069; x_wconf 76' lang='lat' dir='ltr'>abi</span> <span class='ocrx_word' id='word_1_80' title='bbox 459 1021 558 1083; x_wconf 75' lang='lat' dir='ltr'>depellat</span> <span class='ocrx_word' id='word_1_81' title='bbox 575 1033 667 1068; x_wconf 74' lang='lat' dir='ltr'>samm</span> <span class='ocrx_word' id='word_1_82' title='bbox 704 1028 753 1078; x_wconf 85' lang='lat' dir='ltr'>qne</span> <span class='ocrx_word' id='word_1_83' title='bbox 773 1015 891 1064; x_wconf 91' lang='lat' dir='ltr'>curribus</span> <span class='ocrx_word' id='word_1_84' title='bbox 920 1015 954 1063; x_wconf 83' lang='lat' dir='ltr'>ad</span> <span class='ocrx_word' id='word_1_85' title='bbox 982 1020 1141 1063; x_wconf 78' lang='lat' dir='ltr'>venustatem</span> <span class='ocrx_word' id='word_1_86' title='bbox 1167 1015 1237 1065; x_wconf 87' lang='lat' dir='ltr'>idem</span> 
     </span>
     <span class='ocr_line' id='line_1_10' title="bbox 130 1091 1237 1160; baseline -0.005 -13"><span class='ocrx_word' id='word_1_87' title='bbox 130 1098 210 1148; x_wconf 70' lang='lat' dir='ltr'>minu</span> <span class='ocrx_word' id='word_1_88' title='bbox 227 1097 309 1146; x_wconf 70' lang='lat' dir='ltr'>incido</span> <span class='ocrx_word' id='word_1_89' title='bbox 329 1111 393 1145; x_wconf 77' lang='lat' dir='ltr'>earu.</span> <span class='ocrx_word' id='word_1_90' title='bbox 421 1103 480 1145; x_wconf 86' lang='lat' dir='ltr'>sunt</span> <span class='ocrx_word' id='word_1_91' title='bbox 509 1095 552 1160; x_wconf 88' lang='lat' dir='ltr'>qni</span> <span class='ocrx_word' id='word_1_92' title='bbox 578 1097 666 1159; x_wconf 84' lang='lat' dir='ltr'>legere</span> <span class='ocrx_word' id='word_1_93' title='bbox 704 1106 806 1155; x_wconf 88' lang='lat' dir='ltr'>quoquc</span> <span class='ocrx_word' id='word_1_94' title='bbox 818 1091 1006 1142; x_wconf 82' lang='lat' dir='ltr'>observabant:</span> <span class='ocrx_word' id='word_1_95' title='bbox 1025 1097 1055 1141; x_wconf 93' lang='lat' dir='ltr'>ut</span> <span class='ocrx_word' id='word_1_96' title='bbox 1067 1097 1094 1141; x_wconf 91' lang='lat' dir='ltr'>et</span> <span class='ocrx_word' id='word_1_97' title='bbox 1105 1091 1237 1142; x_wconf 89' lang='lat' dir='ltr'>Juriscon-</span> 
     </span>
     <span class='ocr_line' id='line_1_11' title="bbox 129 1168 1239 1233; baseline -0.005 -10"><span class='ocrx_word' id='word_1_98' title='bbox 129 1177 220 1224; x_wconf 82' lang='lat' dir='ltr'>amant</span> <span class='ocrx_word' id='word_1_99' title='bbox 236 1173 341 1224; x_wconf 81' lang='lat' dir='ltr'>diuellat.</span> <span class='ocrx_word' id='word_1_100' title='bbox 365 1170 424 1221; x_wconf 88' lang='lat' dir='ltr'>vide</span> <span class='ocrx_word' id='word_1_101' title='bbox 443 1170 562 1220; x_wconf 87' lang='lat' dir='ltr'>Lambiu.</span> <span class='ocrx_word' id='word_1_102' title='bbox 608 1171 666 1219; x_wconf 77' lang='lat' dir='ltr'>Em·</span> <span class='ocrx_word' id='word_1_103' title='bbox 704 1168 786 1216; x_wconf 86' lang='lat' dir='ltr'>sultus</span> <span class='ocrx_word' id='word_1_104' title='bbox 811 1168 913 1232; x_wconf 87' lang='lat' dir='ltr'>jugum,</span> <span class='ocrx_word' id='word_1_105' title='bbox 935 1183 1032 1233; x_wconf 83' lang='lat' dir='ltr'>parque</span> <span class='ocrx_word' id='word_1_106' title='bbox 1056 1168 1182 1217; x_wconf 91' lang='lat' dir='ltr'>mulorum</span> <span class='ocrx_word' id='word_1_107' title='bbox 1205 1182 1239 1217; x_wconf 85' lang='lat' dir='ltr'>ex</span> 
     </span>
     <span class='ocr_line' id='line_1_12' title="bbox 133 1243 1240 1308; baseline -0.004 -10"><span class='ocrx_word' id='word_1_108' title='bbox 133 1263 231 1299; x_wconf 74' lang='lat' dir='ltr'>menese.</span> <span class='ocrx_word' id='word_1_109' title='bbox 704 1244 853 1308; x_wconf 71' lang='lat' dir='ltr'>aequalitate</span> <span class='ocrx_word' id='word_1_110' title='bbox 873 1243 1045 1305; x_wconf 82' lang='lat' dir='ltr'>commendat,</span> <span class='ocrx_word' id='word_1_111' title='bbox 1056 1251 1084 1293; x_wconf 92' lang='lat' dir='ltr'>et</span> <span class='ocrx_word' id='word_1_112' title='bbox 1102 1245 1183 1294; x_wconf 89' lang='lat' dir='ltr'>altero</span> <span class='ocrx_word' id='word_1_113' title='bbox 1197 1244 1240 1308; x_wconf 85' lang='lat' dir='ltr'>ju·</span> 
     </span>
    </p>

    <p class='ocr_par' dir='ltr' id='par_1_5' title="bbox 163 1319 1240 1385">
     <span class='ocr_line' id='line_1_13' title="bbox 163 1319 1240 1385; baseline -0.006 -9"><span class='ocrx_word' id='word_1_114' title='bbox 163 1330 213 1376; x_wconf 75' lang='grc'>682</span> <span class='ocrx_word' id='word_1_115' title='bbox 231 1325 350 1382; x_wconf 78' lang='lat' dir='ltr'>Qucsitna</span> <span class='ocrx_word' id='word_1_116' title='bbox 367 1325 398 1374; x_wconf 85' lang='lat' dir='ltr'>ud</span> <span class='ocrx_word' id='word_1_117' title='bbox 408 1321 566 1385; x_wconf 75' lang='lat' dir='ltr'>merqboves]</span> <span class='ocrx_word' id='word_1_118' title='bbox 583 1320 667 1372; x_wconf 87' lang='lat' dir='ltr'>Mani·</span> <span class='ocrx_word' id='word_1_119' title='bbox 705 1321 799 1383; x_wconf 88' lang='lat' dir='ltr'>galium</span> <span class='ocrx_word' id='word_1_120' title='bbox 822 1319 932 1383; x_wconf 87' lang='lat' dir='ltr'>sublato,</span> <span class='ocrx_word' id='word_1_121' title='bbox 949 1325 993 1368; x_wconf 89' lang='lat' dir='ltr'>aut</span> <span class='ocrx_word' id='word_1_122' title='bbox 1010 1320 1113 1383; x_wconf 84' lang='lat' dir='ltr'>oblaeso,</span> <span class='ocrx_word' id='word_1_123' title='bbox 1130 1325 1240 1383; x_wconf 88' lang='lat' dir='ltr'>propter</span> 
     </span>
    </p>
   </div>
   <div class='ocr_carea' id='block_1_3' title="bbox 132 1386 1349 1466">
    <p class='ocr_par' dir='ltr' id='par_1_6' title="bbox 132 1386 1349 1466">
     <span class='ocr_line' id='line_1_14' title="bbox 132 1386 1349 1466; baseline -0.007 -14"><span class='ocrx_word' id='word_1_124' title='bbox 132 1401 230 1454; x_wconf 77' lang='lat' dir='ltr'>festum</span> <span class='ocrx_word' id='word_1_125' title='bbox 241 1407 280 1452; x_wconf 91' lang='lat' dir='ltr'>est</span> <span class='ocrx_word' id='word_1_126' title='bbox 300 1399 571 1466; x_wconf 81' lang='lat' dir='ltr'>aCydippe,Argivac</span> <span class='ocrx_word' id='word_1_127' title='bbox 587 1398 668 1449; x_wconf 87' lang='lat' dir='ltr'>luno·</span> <span class='ocrx_word' id='word_1_128' title='bbox 705 1395 879 1460; x_wconf 86' lang='lat' dir='ltr'>imparitatem</span> <span class='ocrx_word' id='word_1_129' title='bbox 891 1394 1029 1459; x_wconf 85' lang='lat' dir='ltr'>depretiati</span> <span class='ocrx_word' id='word_1_130' title='bbox 1043 1395 1100 1457; x_wconf 91' lang='lat' dir='ltr'>jugi</span> <span class='ocrx_word' id='word_1_131' title='bbox 1110 1393 1239 1459; x_wconf 80' lang='lat' dir='ltr'>damarum,</span> <span class='ocrx_word' id='word_1_132' title='bbox 1345 1386 1349 1396; x_wconf 86' lang='lat'><em>&#39;</em></span> 
     </span>
    </p>
   </div>
   <div class='ocr_carea' id='block_1_4' title="bbox 133 1471 1246 4203">
    <p class='ocr_par' dir='ltr' id='par_1_7' title="bbox 133 1471 1241 1693">
     <span class='ocr_line' id='line_1_15' title="bbox 133 1471 1241 1541; baseline -0.007 -13"><span class='ocrx_word' id='word_1_133' title='bbox 133 1479 174 1528; x_wconf 85' lang='lat' dir='ltr'>uis</span> <span class='ocrx_word' id='word_1_134' title='bbox 183 1477 328 1541; x_wconf 86' lang='lat' dir='ltr'>sacerdote,</span> <span class='ocrx_word' id='word_1_135' title='bbox 339 1478 388 1526; x_wconf 78' lang='lat' dir='ltr'>linc</span> <span class='ocrx_word' id='word_1_136' title='bbox 397 1483 520 1527; x_wconf 87' lang='lat' dir='ltr'>tractum.</span> <span class='ocrx_word' id='word_1_137' title='bbox 529 1490 597 1540; x_wconf 81' lang='lat' dir='ltr'>qnoe,</span> <span class='ocrx_word' id='word_1_138' title='bbox 609 1487 668 1523; x_wconf 87' lang='lat' dir='ltr'>cum</span> <span class='ocrx_word' id='word_1_139' title='bbox 705 1474 879 1536; x_wconf 84' lang='lat' dir='ltr'>mulctamquc</span> <span class='ocrx_word' id='word_1_140' title='bbox 902 1472 1007 1536; x_wconf 89' lang='lat' dir='ltr'>majoris</span> <span class='ocrx_word' id='word_1_141' title='bbox 1030 1471 1177 1520; x_wconf 70' lang='lat' dir='ltr'>estimavit.</span> <span class='ocrx_word' id='word_1_142' title='bbox 1195 1471 1241 1520; x_wconf 89' lang='lat' dir='ltr'>Su·</span> 
     </span>
     <span class='ocr_line' id='line_1_16' title="bbox 134 1549 1239 1616; baseline -0.006 -12"><span class='ocrx_word' id='word_1_143' title='bbox 134 1555 216 1604; x_wconf 84' lang='lat' dir='ltr'>bores</span> <span class='ocrx_word' id='word_1_144' title='bbox 227 1553 357 1616; x_wconf 88' lang='lat' dir='ltr'>deessent,</span> <span class='ocrx_word' id='word_1_145' title='bbox 367 1552 434 1602; x_wconf 87' lang='lat' dir='ltr'>tilios</span> <span class='ocrx_word' id='word_1_146' title='bbox 446 1567 506 1601; x_wconf 90' lang='lat' dir='ltr'>snos</span> <span class='ocrx_word' id='word_1_147' title='bbox 519 1549 629 1600; x_wconf 84' lang='lat' dir='ltr'>Cleobiu</span> <span class='ocrx_word' id='word_1_148' title='bbox 640 1554 668 1598; x_wconf 90' lang='lat' dir='ltr'>et</span> <span class='ocrx_word' id='word_1_149' title='bbox 706 1564 767 1614; x_wconf 89' lang='lat' dir='ltr'>pra;</span> <span class='ocrx_word' id='word_1_150' title='bbox 782 1550 864 1611; x_wconf 79' lang='lat' dir='ltr'>Junge</span> <span class='ocrx_word' id='word_1_151' title='bbox 873 1563 943 1613; x_wconf 82' lang='lat' dir='ltr'>pares</span> <span class='ocrx_word' id='word_1_152' title='bbox 954 1554 978 1598; x_wconf 83' lang='lat' dir='ltr'>et</span> <span class='ocrx_word' id='word_1_153' title='bbox 995 1563 1051 1610; x_wconf 80' lang='lat' dir='ltr'>coge</span> <span class='ocrx_word' id='word_1_154' title='bbox 1063 1550 1165 1610; x_wconf 72' lang='lat' dir='ltr'>gaudum</span> <span class='ocrx_word' id='word_1_155' title='bbox 1185 1562 1239 1598; x_wconf 77' lang='lat' dir='ltr'>coa·</span> 
     </span>
     <span class='ocr_line' id='line_1_17' title="bbox 134 1623 1084 1693; baseline -0.006 -13"><span class='ocrx_word' id='word_1_156' title='bbox 134 1631 257 1681; x_wconf 77' lang='lat' dir='ltr'>Bitonem</span> <span class='ocrx_word' id='word_1_157' title='bbox 274 1630 388 1693; x_wconf 85' lang='lat' dir='ltr'>plaustro</span> <span class='ocrx_word' id='word_1_158' title='bbox 397 1627 540 1692; x_wconf 80' lang='lat' dir='ltr'>subjunxit,</span> <span class='ocrx_word' id='word_1_159' title='bbox 549 1632 578 1676; x_wconf 91' lang='lat' dir='ltr'>et</span> <span class='ocrx_word' id='word_1_160' title='bbox 589 1625 626 1675; x_wconf 93' lang='lat' dir='ltr'>sic</span> <span class='ocrx_word' id='word_1_161' title='bbox 635 1623 669 1674; x_wconf 87' lang='lat' dir='ltr'>ad</span> <span class='ocrx_word' id='word_1_162' title='bbox 700 1625 897 1687; x_wconf 72' lang='lat' dir='ltr'>semejuuencos.</span> <span class='ocrx_word' id='word_1_163' title='bbox 931 1627 1084 1676; x_wconf 81' lang='lat' dir='ltr'>Germanus.</span> 
     </span>
    </p>

    <p class='ocr_par' dir='ltr' id='par_1_8' title="bbox 134 1699 1241 2070">
     <span class='ocr_line' id='line_1_18' title="bbox 135 1699 1241 1769; baseline -0.004 -14"><span class='ocrx_word' id='word_1_164' title='bbox 135 1705 261 1769; x_wconf 88' lang='lat' dir='ltr'>templum</span> <span class='ocrx_word' id='word_1_165' title='bbox 279 1704 392 1754; x_wconf 87' lang='lat' dir='ltr'>deducta</span> <span class='ocrx_word' id='word_1_166' title='bbox 411 1710 459 1767; x_wconf 88' lang='lat' dir='ltr'>est,</span> <span class='ocrx_word' id='word_1_167' title='bbox 472 1701 539 1766; x_wconf 90' lang='lat' dir='ltr'>quod</span> <span class='ocrx_word' id='word_1_168' title='bbox 557 1699 596 1750; x_wconf 81' lang='lat' dir='ltr'>sas</span> <span class='ocrx_word' id='word_1_169' title='bbox 618 1713 669 1750; x_wconf 88' lang='lat' dir='ltr'>unu</span> <span class='ocrx_word' id='word_1_170' title='bbox 743 1702 801 1752; x_wconf 82' lang='lat' dir='ltr'>Uria</span> <span class='ocrx_word' id='word_1_171' title='bbox 817 1701 957 1765; x_wconf 80' lang='lat' dir='ltr'>Inparibus]</span> <span class='ocrx_word' id='word_1_172' title='bbox 979 1704 1014 1752; x_wconf 84' lang='lat' dir='ltr'>Et</span> <span class='ocrx_word' id='word_1_173' title='bbox 1032 1701 1114 1753; x_wconf 90' lang='lat' dir='ltr'>bobus</span> <span class='ocrx_word' id='word_1_174' title='bbox 1134 1701 1241 1767; x_wconf 85' lang='lat' dir='ltr'>agresti·</span> 
     </span>
     <span class='ocr_line' id='line_1_19' title="bbox 135 1778 1239 1843; baseline -0.004 -10"><span class='ocrx_word' id='word_1_175' title='bbox 135 1790 193 1834; x_wconf 89' lang='lat' dir='ltr'>erat</span> <span class='ocrx_word' id='word_1_176' title='bbox 202 1783 273 1832; x_wconf 87' lang='lat' dir='ltr'>illam</span> <span class='ocrx_word' id='word_1_177' title='bbox 285 1780 374 1831; x_wconf 87' lang='lat' dir='ltr'>venire</span> <span class='ocrx_word' id='word_1_178' title='bbox 383 1781 437 1830; x_wconf 89' lang='lat' dir='ltr'>siue</span> <span class='ocrx_word' id='word_1_179' title='bbox 447 1781 572 1843; x_wconf 87' lang='lat' dir='ltr'>plaustro.</span> <span class='ocrx_word' id='word_1_180' title='bbox 601 1779 669 1828; x_wconf 85' lang='lat' dir='ltr'>Nam</span> <span class='ocrx_word' id='word_1_181' title='bbox 706 1779 765 1841; x_wconf 87' lang='lat' dir='ltr'>bus,</span> <span class='ocrx_word' id='word_1_182' title='bbox 774 1785 801 1827; x_wconf 87' lang='lat' dir='ltr'>et</span> <span class='ocrx_word' id='word_1_183' title='bbox 814 1778 877 1842; x_wconf 88' lang='lat' dir='ltr'>ipsis</span> <span class='ocrx_word' id='word_1_184' title='bbox 889 1779 965 1829; x_wconf 89' lang='lat' dir='ltr'>etiam</span> <span class='ocrx_word' id='word_1_185' title='bbox 987 1779 1164 1842; x_wconf 73' lang='lat' dir='ltr'>inequalibus.</span> <span class='ocrx_word' id='word_1_186' title='bbox 1182 1778 1239 1829; x_wconf 80' lang='lat' dir='ltr'>scil.</span> 
     </span>
     <span class='ocr_line' id='line_1_20' title="bbox 134 1853 1241 1924; baseline -0.003 -16"><span class='ocrx_word' id='word_1_187' title='bbox 134 1864 248 1924; x_wconf 80' lang='lat' dir='ltr'>apparet</span> <span class='ocrx_word' id='word_1_188' title='bbox 261 1857 295 1908; x_wconf 87' lang='lat' dir='ltr'>ad</span> <span class='ocrx_word' id='word_1_189' title='bbox 304 1871 377 1908; x_wconf 88' lang='lat' dir='ltr'>sacra</span> <span class='ocrx_word' id='word_1_190' title='bbox 386 1855 497 1908; x_wconf 84' lang='lat' dir='ltr'>Jnuuuis</span> <span class='ocrx_word' id='word_1_191' title='bbox 514 1855 593 1905; x_wconf 85' lang='lat' dir='ltr'>boves</span> <span class='ocrx_word' id='word_1_192' title='bbox 604 1855 630 1904; x_wconf 94' lang='lat' dir='ltr'>in</span> <span class='ocrx_word' id='word_1_193' title='bbox 641 1854 670 1905; x_wconf 94' lang='lat' dir='ltr'>il·</span> <span class='ocrx_word' id='word_1_194' title='bbox 707 1854 741 1904; x_wconf 89' lang='lat' dir='ltr'>ob</span> <span class='ocrx_word' id='word_1_195' title='bbox 750 1854 889 1918; x_wconf 85' lang='lat' dir='ltr'>penuriam.</span> <span class='ocrx_word' id='word_1_196' title='bbox 924 1856 991 1904; x_wconf 89' lang='lat' dir='ltr'>Nam</span> <span class='ocrx_word' id='word_1_197' title='bbox 1003 1855 1130 1904; x_wconf 80' lang='lat' dir='ltr'>Sacerdos</span> <span class='ocrx_word' id='word_1_198' title='bbox 1143 1853 1241 1918; x_wconf 83' lang='lat' dir='ltr'>Argiva</span> 
     </span>
     <span class='ocr_line' id='line_1_21' title="bbox 135 1929 1240 1999; baseline -0.004 -15"><span class='ocrx_word' id='word_1_199' title='bbox 135 1935 168 1984; x_wconf 89' lang='lat' dir='ltr'>lis</span> <span class='ocrx_word' id='word_1_200' title='bbox 176 1934 331 1999; x_wconf 88' lang='lat' dir='ltr'>regionibus,</span> <span class='ocrx_word' id='word_1_201' title='bbox 340 1929 464 1990; x_wconf 87' lang='lat' dir='ltr'>defuisse,</span> <span class='ocrx_word' id='word_1_202' title='bbox 472 1931 498 1981; x_wconf 93' lang='lat' dir='ltr'>iu</span> <span class='ocrx_word' id='word_1_203' title='bbox 511 1932 602 1996; x_wconf 88' lang='lat' dir='ltr'>quibus</span> <span class='ocrx_word' id='word_1_204' title='bbox 613 1945 669 1994; x_wconf 89' lang='lat' dir='ltr'>pes·</span> <span class='ocrx_word' id='word_1_205' title='bbox 703 1930 803 1994; x_wconf 84' lang='lat' dir='ltr'>junctis</span> <span class='ocrx_word' id='word_1_206' title='bbox 812 1929 893 1979; x_wconf 90' lang='lat' dir='ltr'>bobus</span> <span class='ocrx_word' id='word_1_207' title='bbox 906 1931 938 1980; x_wconf 87' lang='lat' dir='ltr'>ad</span> <span class='ocrx_word' id='word_1_208' title='bbox 951 1933 1050 1995; x_wconf 88' lang='lat' dir='ltr'>templa</span> <span class='ocrx_word' id='word_1_209' title='bbox 1059 1932 1169 1983; x_wconf 87' lang='lat' dir='ltr'>lunonis</span> <span class='ocrx_word' id='word_1_210' title='bbox 1181 1930 1240 1981; x_wconf 82' lang='lat' dir='ltr'>veut</span> 
     </span>
     <span class='ocr_line' id='line_1_22' title="bbox 137 1999 1240 2070; baseline -0.004 -10"><span class='ocrx_word' id='word_1_211' title='bbox 137 2007 357 2061; x_wconf 78' lang='lat' dir='ltr'>tileutiamfuisse</span> <span class='ocrx_word' id='word_1_212' title='bbox 369 2007 538 2057; x_wconf 87' lang='lat' dir='ltr'>demonstrat.</span> <span class='ocrx_word' id='word_1_213' title='bbox 560 2007 669 2068; x_wconf 77' lang='lat' dir='ltr'>Pbilarg.</span> <span class='ocrx_word' id='word_1_214' title='bbox 707 2005 817 2055; x_wconf 87' lang='lat' dir='ltr'>solebat.</span> <span class='ocrx_word' id='word_1_215' title='bbox 852 2006 953 2056; x_wconf 88' lang='lat' dir='ltr'>Putant</span> <span class='ocrx_word' id='word_1_216' title='bbox 974 1999 1118 2070; x_wconf 79' lang='lat' dir='ltr'>respexisse</span> <span class='ocrx_word' id='word_1_217' title='bbox 1129 2006 1240 2057; x_wconf 70' lang='lat' dir='ltr'>Poetam</span> 
     </span>
    </p>

    <p class='ocr_par' dir='ltr' id='par_1_9' title="bbox 137 2082 1245 3825">
     <span class='ocr_line' id='line_1_23' title="bbox 170 2082 1241 2149; baseline -0.001 -14"><span class='ocrx_word' id='word_1_218' title='bbox 170 2089 206 2138; x_wconf 81' lang='lat' dir='ltr'>Et</span> <span class='ocrx_word' id='word_1_219' title='bbox 221 2087 273 2136; x_wconf 75' lang='lat' dir='ltr'>seris</span> <span class='ocrx_word' id='word_1_220' title='bbox 289 2084 510 2149; x_wconf 75' lang='lat' dir='ltr'>Inparibasductos</span> <span class='ocrx_word' id='word_1_221' title='bbox 525 2083 587 2146; x_wconf 69' lang='lat' dir='ltr'>dtu]</span> <span class='ocrx_word' id='word_1_222' title='bbox 623 2083 671 2132; x_wconf 87' lang='lat' dir='ltr'>Bo·</span> <span class='ocrx_word' id='word_1_223' title='bbox 707 2082 741 2133; x_wconf 89' lang='lat' dir='ltr'>ad</span> <span class='ocrx_word' id='word_1_224' title='bbox 759 2082 859 2133; x_wconf 88' lang='lat' dir='ltr'>factum</span> <span class='ocrx_word' id='word_1_225' title='bbox 876 2085 1029 2134; x_wconf 66' lang='lat' dir='ltr'>Cleobis‘et</span> <span class='ocrx_word' id='word_1_226' title='bbox 1051 2084 1160 2146; x_wconf 85' lang='lat' dir='ltr'>Bitonis,</span> <span class='ocrx_word' id='word_1_227' title='bbox 1171 2084 1241 2149; x_wconf 87' lang='lat' dir='ltr'>apud</span> 
     </span>
     <span class='ocr_line' id='line_1_24' title="bbox 137 2160 1241 2226; baseline 0 -12"><span class='ocrx_word' id='word_1_228' title='bbox 137 2164 186 2214; x_wconf 88' lang='lat' dir='ltr'>bus</span> <span class='ocrx_word' id='word_1_229' title='bbox 213 2161 366 2226; x_wconf 74' lang='lat' dir='ltr'>agrestibus,</span> <span class='ocrx_word' id='word_1_230' title='bbox 394 2166 423 2210; x_wconf 90' lang='lat' dir='ltr'>et</span> <span class='ocrx_word' id='word_1_231' title='bbox 451 2161 513 2225; x_wconf 87' lang='lat' dir='ltr'>ipsis</span> <span class='ocrx_word' id='word_1_232' title='bbox 541 2160 672 2225; x_wconf 74' lang='lat' dir='ltr'>inaequali·</span> <span class='ocrx_word' id='word_1_233' title='bbox 708 2160 836 2212; x_wconf 88' lang='lat' dir='ltr'>Herodot.</span> <span class='ocrx_word' id='word_1_234' title='bbox 846 2169 874 2212; x_wconf 92' lang='lat' dir='ltr'>et</span> <span class='ocrx_word' id='word_1_235' title='bbox 883 2162 970 2212; x_wconf 86' lang='lat' dir='ltr'>Cicer.</span> <span class='ocrx_word' id='word_1_236' title='bbox 991 2163 1093 2211; x_wconf 85' lang='lat' dir='ltr'>Tuscnl.</span> <span class='ocrx_word' id='word_1_237' title='bbox 1112 2177 1132 2212; x_wconf 87' lang='lat'>1.</span> <span class='ocrx_word' id='word_1_238' title='bbox 1168 2162 1241 2214; x_wconf 73' lang='lat' dir='ltr'>unat.</span> 
     </span>
     <span class='ocr_line' id='line_1_25' title="bbox 137 2236 1240 2303; baseline -0.001 -14"><span class='ocrx_word' id='word_1_239' title='bbox 137 2239 194 2289; x_wconf 90' lang='lat' dir='ltr'>bus.</span> <span class='ocrx_word' id='word_1_240' title='bbox 228 2236 352 2300; x_wconf 72' lang='lat' dir='ltr'>Numeri,</span> <span class='ocrx_word' id='word_1_241' title='bbox 369 2241 474 2298; x_wconf 80' lang='lat' dir='ltr'>agrestes</span> <span class='ocrx_word' id='word_1_242' title='bbox 488 2236 671 2300; x_wconf 62' lang='lat' dir='ltr'>mersantur</span> <span class='ocrx_word' id='word_1_243' title='bbox 740 2240 788 2286; x_wconf 66' lang='lat'>6³8</span> <span class='ocrx_word' id='word_1_244' title='bbox 801 2237 1240 2303; x_wconf 69' lang='lat' dir='ltr'>inpariumJImpartbmuutemnon</span> 
     </span>
     <span class='ocr_line' id='line_1_26' title="bbox 138 2312 1241 2378; baseline 0 -15"><span class='ocrx_word' id='word_1_245' title='bbox 138 2314 342 2378; x_wconf 78' lang='lat' dir='ltr'>diximussupra.</span> <span class='ocrx_word' id='word_1_246' title='bbox 375 2313 412 2362; x_wconf 85' lang='lat' dir='ltr'>Et</span> <span class='ocrx_word' id='word_1_247' title='bbox 420 2313 469 2361; x_wconf 88' lang='lat' dir='ltr'>hoc</span> <span class='ocrx_word' id='word_1_248' title='bbox 481 2312 585 2376; x_wconf 73' lang='lat' dir='ltr'>politice</span> <span class='ocrx_word' id='word_1_249' title='bbox 597 2312 671 2361; x_wconf 86' lang='lat' dir='ltr'>dicit.</span> <span class='ocrx_word' id='word_1_250' title='bbox 707 2312 789 2361; x_wconf 83' lang='lat' dir='ltr'>airnile</span> <span class='ocrx_word' id='word_1_251' title='bbox 806 2313 899 2376; x_wconf 92' lang='lat' dir='ltr'>jugum</span> <span class='ocrx_word' id='word_1_252' title='bbox 919 2314 1073 2377; x_wconf 81' lang='lat' dir='ltr'>ferentibus,</span> <span class='ocrx_word' id='word_1_253' title='bbox 1092 2330 1151 2364; x_wconf 77' lang='lat' dir='ltr'>curm</span> <span class='ocrx_word' id='word_1_254' title='bbox 1175 2316 1241 2365; x_wconf 87' lang='lat' dir='ltr'>alter</span> 
     </span>
     <span class='ocr_line' id='line_1_27' title="bbox 138 2387 1206 2453; baseline -0.002 -11"><span class='ocrx_word' id='word_1_255' title='bbox 138 2390 269 2442; x_wconf 82' lang='lat' dir='ltr'>Caeterum</span> <span class='ocrx_word' id='word_1_256' title='bbox 280 2387 439 2438; x_wconf 83' lang='lat' dir='ltr'>veritashaec</span> <span class='ocrx_word' id='word_1_257' title='bbox 451 2394 491 2436; x_wconf 88' lang='lat' dir='ltr'>est</span> <span class='ocrx_word' id='word_1_258' title='bbox 503 2404 509 2436; x_wconf 75' lang='grc' dir='ltr'><strong>ε</strong></span> <span class='ocrx_word' id='word_1_259' title='bbox 522 2389 606 2439; x_wconf 80' lang='lat' dir='ltr'>Quum</span> <span class='ocrx_word' id='word_1_260' title='bbox 615 2400 671 2436; x_wconf 88' lang='lat' dir='ltr'>mos</span> <span class='ocrx_word' id='word_1_261' title='bbox 708 2388 792 2451; x_wconf 87' lang='lat' dir='ltr'>major</span> <span class='ocrx_word' id='word_1_262' title='bbox 803 2397 881 2453; x_wconf 85' lang='lat' dir='ltr'>esset,</span> <span class='ocrx_word' id='word_1_263' title='bbox 891 2391 959 2439; x_wconf 87' lang='lat' dir='ltr'>alter</span> <span class='ocrx_word' id='word_1_264' title='bbox 968 2391 1060 2440; x_wconf 90' lang='lat' dir='ltr'>minor.</span> <span class='ocrx_word' id='word_1_265' title='bbox 1094 2392 1206 2452; x_wconf 75' lang='lat' dir='ltr'>Philarg.</span> 
     </span>
     <span class='ocr_line' id='line_1_28' title="bbox 138 2461 1241 2531; baseline 0.005 -14"><span class='ocrx_word' id='word_1_266' title='bbox 138 2472 210 2517; x_wconf 87' lang='lat' dir='ltr'>esset</span> <span class='ocrx_word' id='word_1_267' title='bbox 235 2464 396 2516; x_wconf 86' lang='lat' dir='ltr'>sacerdotem</span> <span class='ocrx_word' id='word_1_268' title='bbox 424 2461 549 2528; x_wconf 81' lang='lat' dir='ltr'>Argiuam</span> <span class='ocrx_word' id='word_1_269' title='bbox 569 2462 671 2526; x_wconf 84' lang='lat' dir='ltr'>junctis</span> <span class='ocrx_word' id='word_1_270' title='bbox 740 2466 860 2529; x_wconf 79' lang='lat' dir='ltr'>Dcncric]</span> <span class='ocrx_word' id='word_1_271' title='bbox 870 2467 978 2516; x_wconf 79' lang='lat' dir='ltr'>Doanric</span> <span class='ocrx_word' id='word_1_272' title='bbox 989 2468 1094 2531; x_wconf 89' lang='lat' dir='ltr'>proprie</span> <span class='ocrx_word' id='word_1_273' title='bbox 1103 2470 1160 2517; x_wconf 92' lang='lat' dir='ltr'>loca</span> <span class='ocrx_word' id='word_1_274' title='bbox 1171 2474 1241 2528; x_wconf 83' lang='lat' dir='ltr'>sunt,</span> 
     </span>
     <span class='ocr_line' id='line_1_29' title="bbox 138 2541 1241 2606; baseline -0.001 -12"><span class='ocrx_word' id='word_1_275' title='bbox 138 2544 222 2594; x_wconf 89' lang='lat' dir='ltr'>bobus</span> <span class='ocrx_word' id='word_1_276' title='bbox 233 2542 271 2591; x_wconf 89' lang='lat' dir='ltr'>ire</span> <span class='ocrx_word' id='word_1_277' title='bbox 286 2542 320 2591; x_wconf 88' lang='lat' dir='ltr'>ad</span> <span class='ocrx_word' id='word_1_278' title='bbox 339 2541 436 2604; x_wconf 87' lang='lat' dir='ltr'>templa</span> <span class='ocrx_word' id='word_1_279' title='bbox 454 2541 572 2604; x_wconf 74' lang='lat' dir='ltr'>lunonis,</span> <span class='ocrx_word' id='word_1_280' title='bbox 587 2547 615 2589; x_wconf 89' lang='lat' dir='ltr'>et</span> <span class='ocrx_word' id='word_1_281' title='bbox 635 2554 672 2589; x_wconf 89' lang='lat' dir='ltr'>so·</span> <span class='ocrx_word' id='word_1_282' title='bbox 709 2541 839 2606; x_wconf 86' lang='lat' dir='ltr'>inquibus</span> <span class='ocrx_word' id='word_1_283' title='bbox 856 2541 924 2591; x_wconf 88' lang='lat' dir='ltr'>dona</span> <span class='ocrx_word' id='word_1_284' title='bbox 944 2550 1105 2606; x_wconf 88' lang='lat' dir='ltr'>reponuntur</span> <span class='ocrx_word' id='word_1_285' title='bbox 1124 2543 1241 2593; x_wconf 89' lang='lat' dir='ltr'>deorum.</span> 
     </span>
     <span class='ocr_line' id='line_1_30' title="bbox 138 2617 1242 2683; baseline -0.002 -13"><span class='ocrx_word' id='word_1_286' title='bbox 138 2619 210 2671; x_wconf 92' lang='lat' dir='ltr'>leuni</span> <span class='ocrx_word' id='word_1_287' title='bbox 222 2619 264 2669; x_wconf 88' lang='lat' dir='ltr'>die</span> <span class='ocrx_word' id='word_1_288' title='bbox 274 2619 411 2668; x_wconf 86' lang='lat' dir='ltr'>bovesnou</span> <span class='ocrx_word' id='word_1_289' title='bbox 419 2618 595 2668; x_wconf 84' lang='lat' dir='ltr'>invenirentur</span> <span class='ocrx_word' id='word_1_290' title='bbox 604 2619 672 2683; x_wconf 87' lang='lat' dir='ltr'>(pes-</span> <span class='ocrx_word' id='word_1_291' title='bbox 709 2617 824 2668; x_wconf 79' lang='lat' dir='ltr'>Abusive</span> <span class='ocrx_word' id='word_1_292' title='bbox 836 2620 941 2683; x_wconf 86' lang='lat' dir='ltr'>templa.</span> <span class='ocrx_word' id='word_1_293' title='bbox 975 2621 1043 2669; x_wconf 88' lang='lat' dir='ltr'>Nam</span> <span class='ocrx_word' id='word_1_294' title='bbox 1054 2619 1125 2668; x_wconf 89' lang='lat' dir='ltr'>itaet</span> <span class='ocrx_word' id='word_1_295' title='bbox 1133 2618 1242 2680; x_wconf 76' lang='lat' dir='ltr'>pulaine·</span> 
     </span>
     <span class='ocr_line' id='line_1_31' title="bbox 140 2692 1242 2760; baseline -0.001 -15"><span class='ocrx_word' id='word_1_296' title='bbox 140 2695 327 2758; x_wconf 84' lang='lat' dir='ltr'>tilentiaenim,</span> <span class='ocrx_word' id='word_1_297' title='bbox 339 2709 396 2760; x_wconf 84' lang='lat' dir='ltr'>quae</span> <span class='ocrx_word' id='word_1_298' title='bbox 406 2709 454 2758; x_wconf 91' lang='lat' dir='ltr'>per</span> <span class='ocrx_word' id='word_1_299' title='bbox 462 2692 579 2744; x_wconf 85' lang='lat' dir='ltr'>Atticam</span> <span class='ocrx_word' id='word_1_300' title='bbox 591 2699 672 2743; x_wconf 85' lang='lat' dir='ltr'>trans·</span> <span class='ocrx_word' id='word_1_301' title='bbox 709 2695 748 2744; x_wconf 82' lang='lat' dir='ltr'>riu</span> <span class='ocrx_word' id='word_1_302' title='bbox 757 2709 804 2759; x_wconf 86' lang='lat' dir='ltr'>pro</span> <span class='ocrx_word' id='word_1_303' title='bbox 816 2695 919 2759; x_wconf 87' lang='lat' dir='ltr'>templis</span> <span class='ocrx_word' id='word_1_304' title='bbox 941 2695 1074 2758; x_wconf 89' lang='lat' dir='ltr'>ponimus;</span> <span class='ocrx_word' id='word_1_305' title='bbox 1092 2709 1170 2759; x_wconf 89' lang='lat' dir='ltr'>quum</span> <span class='ocrx_word' id='word_1_306' title='bbox 1190 2694 1242 2744; x_wconf 89' lang='lat' dir='ltr'>sint</span> 
     </span>
     <span class='ocr_line' id='line_1_32' title="bbox 139 2769 1243 2837; baseline -0.002 -15"><span class='ocrx_word' id='word_1_307' title='bbox 139 2772 217 2835; x_wconf 83' lang='lat' dir='ltr'>ierat,</span> <span class='ocrx_word' id='word_1_308' title='bbox 229 2823 231 2828; x_wconf 71' lang='grc'>,</span> <span class='ocrx_word' id='word_1_309' title='bbox 243 2771 363 2821; x_wconf 85' lang='lat' dir='ltr'>universa</span> <span class='ocrx_word' id='word_1_310' title='bbox 387 2769 594 2833; x_wconf 85' lang='lat' dir='ltr'>consumpserat)</span> <span class='ocrx_word' id='word_1_311' title='bbox 621 2769 672 2819; x_wconf 94' lang='lat' dir='ltr'>duo</span> <span class='ocrx_word' id='word_1_312' title='bbox 710 2772 814 2837; x_wconf 87' lang='lat' dir='ltr'>proprie</span> <span class='ocrx_word' id='word_1_313' title='bbox 825 2773 923 2835; x_wconf 87' lang='lat' dir='ltr'>lectuli,</span> <span class='ocrx_word' id='word_1_314' title='bbox 933 2772 977 2836; x_wconf 93' lang='lat' dir='ltr'>qui</span> <span class='ocrx_word' id='word_1_315' title='bbox 988 2771 1069 2822; x_wconf 90' lang='lat' dir='ltr'>sterni</span> <span class='ocrx_word' id='word_1_316' title='bbox 1086 2771 1113 2821; x_wconf 91' lang='lat' dir='ltr'>iu</span> <span class='ocrx_word' id='word_1_317' title='bbox 1131 2770 1243 2835; x_wconf 86' lang='lat' dir='ltr'>templis,</span> 
     </span>
     <span class='ocr_line' id='line_1_33' title="bbox 139 2845 1243 2912; baseline -0.005 -11"><span class='ocrx_word' id='word_1_318' title='bbox 139 2849 281 2901; x_wconf 88' lang='lat' dir='ltr'>sacerdotis</span> <span class='ocrx_word' id='word_1_319' title='bbox 303 2847 350 2898; x_wconf 88' lang='lat' dir='ltr'>filii</span> <span class='ocrx_word' id='word_1_320' title='bbox 370 2847 476 2897; x_wconf 85' lang='lat' dir='ltr'>Cleobis</span> <span class='ocrx_word' id='word_1_321' title='bbox 495 2852 523 2896; x_wconf 89' lang='lat' dir='ltr'>et</span> <span class='ocrx_word' id='word_1_322' title='bbox 540 2845 672 2908; x_wconf 87' lang='lat' dir='ltr'>Bito‚mu·</span> <span class='ocrx_word' id='word_1_323' title='bbox 710 2848 948 2912; x_wconf 86' lang='lat' dir='ltr'>supervenientibus</span> <span class='ocrx_word' id='word_1_324' title='bbox 976 2847 1106 2912; x_wconf 89' lang='lat' dir='ltr'>plerisque</span> <span class='ocrx_word' id='word_1_325' title='bbox 1137 2861 1243 2897; x_wconf 87' lang='lat' dir='ltr'>cousue-</span> 
     </span>
     <span class='ocr_line' id='line_1_34' title="bbox 141 2920 921 2989; baseline -0.003 -12"><span class='ocrx_word' id='word_1_326' title='bbox 141 2932 220 2989; x_wconf 85' lang='lat' dir='ltr'>trem,</span> <span class='ocrx_word' id='word_1_327' title='bbox 247 2923 385 2974; x_wconf 86' lang='lat' dir='ltr'>subeuntes</span> <span class='ocrx_word' id='word_1_328' title='bbox 410 2923 484 2987; x_wconf 90' lang='lat' dir='ltr'>jugo,</span> <span class='ocrx_word' id='word_1_329' title='bbox 515 2920 548 2970; x_wconf 86' lang='lat' dir='ltr'>ad</span> <span class='ocrx_word' id='word_1_330' title='bbox 575 2922 674 2985; x_wconf 88' lang='lat' dir='ltr'>templa</span> <span class='ocrx_word' id='word_1_331' title='bbox 711 2932 782 2976; x_wconf 88' lang='lat' dir='ltr'>runt.</span> <span class='ocrx_word' id='word_1_332' title='bbox 816 2925 921 2975; x_wconf 71' lang='lat' dir='ltr'>Servius.</span> 
     </span>
     <span class='ocr_line' id='line_1_35' title="bbox 140 2999 1242 3065; baseline 0 -13"><span class='ocrx_word' id='word_1_333' title='bbox 140 3003 249 3052; x_wconf 84' lang='lat' dir='ltr'>duxere.</span> <span class='ocrx_word' id='word_1_334' title='bbox 279 3002 344 3050; x_wconf 85' lang='lat' dir='ltr'>Tum</span> <span class='ocrx_word' id='word_1_335' title='bbox 365 3000 434 3051; x_wconf 90' lang='lat' dir='ltr'>Juuo</span> <span class='ocrx_word' id='word_1_336' title='bbox 457 2999 569 3063; x_wconf 82' lang='lat' dir='ltr'>probans</span> <span class='ocrx_word' id='word_1_337' title='bbox 585 3012 673 3048; x_wconf 89' lang='lat' dir='ltr'>eorum</span> <span class='ocrx_word' id='word_1_338' title='bbox 744 3001 867 3064; x_wconf 64' lang='lat' dir='ltr'>Dosumn]</span> <span class='ocrx_word' id='word_1_339' title='bbox 884 3000 1041 3065; x_wconf 85' lang='lat' dir='ltr'>Apul.l.rx.</span> <span class='ocrx_word' id='word_1_340' title='bbox 1069 3002 1107 3051; x_wconf 85' lang='lat' dir='ltr'>Ibi</span> <span class='ocrx_word' id='word_1_341' title='bbox 1118 3001 1242 3052; x_wconf 73' lang='lat' dir='ltr'>deumiura</span> 
     </span>
     <span class='ocr_line' id='line_1_36' title="bbox 142 3074 1242 3141; baseline -0.001 -14"><span class='ocrx_word' id='word_1_342' title='bbox 142 3077 301 3140; x_wconf 73' lang='lat' dir='ltr'>religionem,</span> <span class='ocrx_word' id='word_1_343' title='bbox 320 3075 416 3125; x_wconf 86' lang='lat' dir='ltr'>obtulit</span> <span class='ocrx_word' id='word_1_344' title='bbox 439 3075 526 3138; x_wconf 91' lang='lat' dir='ltr'>matri,</span> <span class='ocrx_word' id='word_1_345' title='bbox 545 3081 575 3125; x_wconf 89' lang='lat' dir='ltr'>ut</span> <span class='ocrx_word' id='word_1_346' title='bbox 605 3074 673 3140; x_wconf 92' lang='lat' dir='ltr'>quod</span> <span class='ocrx_word' id='word_1_347' title='bbox 710 3078 760 3126; x_wconf 78' lang='lat' dir='ltr'>dec</span> <span class='ocrx_word' id='word_1_348' title='bbox 774 3091 885 3141; x_wconf 81' lang='lat' dir='ltr'>perquam</span> <span class='ocrx_word' id='word_1_349' title='bbox 904 3077 1052 3140; x_wconf 82' lang='lat' dir='ltr'>opulentam:</span> <span class='ocrx_word' id='word_1_350' title='bbox 1066 3078 1170 3140; x_wconf 81' lang='lat' dir='ltr'>plurimu</span> <span class='ocrx_word' id='word_1_351' title='bbox 1187 3077 1242 3127; x_wconf 81' lang='lat' dir='ltr'>uari</span> 
     </span>
     <span class='ocr_line' id='line_1_37' title="bbox 141 3146 1245 3217; baseline 0.001 -16"><span class='ocrx_word' id='word_1_352' title='bbox 141 3151 231 3216; x_wconf 84' lang='lat' dir='ltr'>vellet,</span> <span class='ocrx_word' id='word_1_353' title='bbox 248 3157 369 3214; x_wconf 89' lang='lat' dir='ltr'>posceret</span> <span class='ocrx_word' id='word_1_354' title='bbox 389 3149 466 3200; x_wconf 86' lang='lat' dir='ltr'>filiis:</span> <span class='ocrx_word' id='word_1_355' title='bbox 492 3146 538 3199; x_wconf 81' lang='lat' dir='ltr'>ill&#39;a</span> <span class='ocrx_word' id='word_1_356' title='bbox 565 3151 607 3214; x_wconf 91' lang='lat' dir='ltr'>pia</span> <span class='ocrx_word' id='word_1_357' title='bbox 636 3166 674 3201; x_wconf 92' lang='lat' dir='ltr'>re·</span> <span class='ocrx_word' id='word_1_358' title='bbox 711 3156 734 3200; x_wconf 85' lang='lat' dir='ltr'>ct</span> <span class='ocrx_word' id='word_1_359' title='bbox 753 3152 849 3212; x_wconf 76' lang='lat' dir='ltr'>argenti</span> <span class='ocrx_word' id='word_1_360' title='bbox 870 3153 932 3201; x_wconf 81' lang='lat' dir='ltr'>ratio</span> <span class='ocrx_word' id='word_1_361' title='bbox 954 3155 979 3201; x_wconf 83' lang='lat' dir='ltr'>ia</span> <span class='ocrx_word' id='word_1_362' title='bbox 1002 3153 1121 3201; x_wconf 64' lang='lat' dir='ltr'>bumbos:</span> <span class='ocrx_word' id='word_1_363' title='bbox 1138 3153 1245 3217; x_wconf 68' lang='lat' dir='ltr'>speculis,</span> 
     </span>
     <span class='ocr_line' id='line_1_38' title="bbox 141 3225 1243 3292; baseline 0.002 -16"><span class='ocrx_word' id='word_1_364' title='bbox 141 3228 279 3292; x_wconf 85' lang='lat' dir='ltr'>sponsione</span> <span class='ocrx_word' id='word_1_365' title='bbox 289 3227 335 3289; x_wconf 91' lang='lat' dir='ltr'>ait,</span> <span class='ocrx_word' id='word_1_366' title='bbox 346 3232 376 3276; x_wconf 96' lang='lat' dir='ltr'>ut</span> <span class='ocrx_word' id='word_1_367' title='bbox 386 3225 454 3291; x_wconf 89' lang='lat' dir='ltr'>quod</span> <span class='ocrx_word' id='word_1_368' title='bbox 465 3226 599 3276; x_wconf 87' lang='lat' dir='ltr'>sciretdea</span> <span class='ocrx_word' id='word_1_369' title='bbox 611 3226 674 3276; x_wconf 88' lang='lat' dir='ltr'>utile</span> <span class='ocrx_word' id='word_1_370' title='bbox 708 3228 806 3291; x_wconf 79' lang='lat' dir='ltr'>poculis,</span> <span class='ocrx_word' id='word_1_371' title='bbox 814 3229 854 3290; x_wconf 64' lang='lat' dir='ltr'>qa.</span> <span class='ocrx_word' id='word_1_372' title='bbox 888 3228 962 3276; x_wconf 86' lang='lat' dir='ltr'>Valla</span> <span class='ocrx_word' id='word_1_373' title='bbox 981 3228 1023 3276; x_wconf 86' lang='lat' dir='ltr'>bic</span> <span class='ocrx_word' id='word_1_374' title='bbox 1034 3229 1095 3275; x_wconf 81' lang='lat' dir='ltr'>dona</span> <span class='ocrx_word' id='word_1_375' title='bbox 1116 3227 1243 3291; x_wconf 86' lang='lat' dir='ltr'>interpre-</span> 
     </span>
     <span class='ocr_line' id='line_1_39' title="bbox 142 3300 1152 3367; baseline -0.002 -13"><span class='ocrx_word' id='word_1_376' title='bbox 142 3303 306 3365; x_wconf 87' lang='lat' dir='ltr'>mortalibus,</span> <span class='ocrx_word' id='word_1_377' title='bbox 325 3303 382 3367; x_wconf 91' lang='lat' dir='ltr'>ipsa</span> <span class='ocrx_word' id='word_1_378' title='bbox 403 3308 548 3365; x_wconf 70' lang='lat' dir='ltr'>prestaret.</span> <span class='ocrx_word' id='word_1_379' title='bbox 581 3300 674 3351; x_wconf 90' lang='lat' dir='ltr'>Altero</span> <span class='ocrx_word' id='word_1_380' title='bbox 712 3309 791 3364; x_wconf 87' lang='lat' dir='ltr'>tatur,</span> <span class='ocrx_word' id='word_1_381' title='bbox 808 3300 888 3360; x_wconf 76' lang='grc' dir='ltr'>κάλλη</span> <span class='ocrx_word' id='word_1_382' title='bbox 901 3301 973 3365; x_wconf 79' lang='grc' dir='ltr'>ἱερῶν.</span> <span class='ocrx_word' id='word_1_383' title='bbox 1010 3302 1152 3352; x_wconf 81' lang='lat' dir='ltr'>Tcubnmna.</span> 
     </span>
     <span class='ocr_line' id='line_1_40' title="bbox 140 3371 1211 3445; baseline -0.002 -14"><span class='ocrx_word' id='word_1_384' title='bbox 140 3381 232 3445; x_wconf 83' lang='lat' dir='ltr'>itaque</span> <span class='ocrx_word' id='word_1_385' title='bbox 239 3371 282 3428; x_wconf 81' lang='lat' dir='ltr'>die</span> <span class='ocrx_word' id='word_1_386' title='bbox 294 3377 437 3427; x_wconf 87' lang='lat' dir='ltr'>sacerdotis</span> <span class='ocrx_word' id='word_1_387' title='bbox 447 3376 494 3425; x_wconf 87' lang='lat' dir='ltr'>tilii</span> <span class='ocrx_word' id='word_1_388' title='bbox 507 3376 617 3440; x_wconf 85' lang='lat' dir='ltr'>juvenes</span> <span class='ocrx_word' id='word_1_389' title='bbox 635 3390 674 3426; x_wconf 91' lang='lat' dir='ltr'>re·</span> <span class='ocrx_word' id='word_1_390' title='bbox 744 3382 793 3429; x_wconf 73' lang='lat' dir='ltr'>bit</span> <span class='ocrx_word' id='word_1_391' title='bbox 809 3378 897 3440; x_wconf 83' lang='lat' dir='ltr'>AEgre]</span> <span class='ocrx_word' id='word_1_392' title='bbox 915 3377 1072 3428; x_wconf 82' lang='lat' dir='ltr'>Difficulter.</span> <span class='ocrx_word' id='word_1_393' title='bbox 1105 3378 1211 3429; x_wconf 66' lang='lat' dir='ltr'>Seruius.</span> 
     </span>
     <span class='ocr_line' id='line_1_41' title="bbox 141 3453 1232 3521; baseline 0.001 -16"><span class='ocrx_word' id='word_1_394' title='bbox 141 3456 214 3521; x_wconf 87' lang='lat' dir='ltr'>perti</span> <span class='ocrx_word' id='word_1_395' title='bbox 222 3453 389 3506; x_wconf 86' lang='lat' dir='ltr'>suntmortui.</span> <span class='ocrx_word' id='word_1_396' title='bbox 423 3455 462 3502; x_wconf 85' lang='lat' dir='ltr'>Ex</span> <span class='ocrx_word' id='word_1_397' title='bbox 476 3467 526 3518; x_wconf 90' lang='lat' dir='ltr'>quo</span> <span class='ocrx_word' id='word_1_398' title='bbox 536 3453 674 3516; x_wconf 89' lang='lat' dir='ltr'>probatum</span> <span class='ocrx_word' id='word_1_399' title='bbox 746 3453 886 3516; x_wconf 73' lang='lat' dir='ltr'>Rimantur]</span> <span class='ocrx_word' id='word_1_400' title='bbox 905 3454 935 3502; x_wconf 90' lang='lat' dir='ltr'>lu</span> <span class='ocrx_word' id='word_1_401' title='bbox 948 3455 1123 3520; x_wconf 87' lang='lat' dir='ltr'>rimasagnut.</span> <span class='ocrx_word' id='word_1_402' title='bbox 1158 3458 1232 3507; x_wconf 77' lang='lat' dir='ltr'>Idem.</span> 
     </span>
     <span class='ocr_line' id='line_1_42' title="bbox 142 3528 1244 3596; baseline -0.001 -14"><span class='ocrx_word' id='word_1_403' title='bbox 142 3538 193 3595; x_wconf 88' lang='lat' dir='ltr'>est,</span> <span class='ocrx_word' id='word_1_404' title='bbox 221 3531 284 3581; x_wconf 90' lang='lat' dir='ltr'>nibil</span> <span class='ocrx_word' id='word_1_405' title='bbox 312 3544 368 3580; x_wconf 88' lang='lat' dir='ltr'>esse</span> <span class='ocrx_word' id='word_1_406' title='bbox 395 3535 477 3579; x_wconf 88' lang='lat' dir='ltr'>morte</span> <span class='ocrx_word' id='word_1_407' title='bbox 503 3528 675 3592; x_wconf 69' lang='lat' dir='ltr'>prestantius.</span> <span class='ocrx_word' id='word_1_408' title='bbox 746 3531 809 3594; x_wconf 69' lang='lat' dir='ltr'>Ipsis</span> <span class='ocrx_word' id='word_1_409' title='bbox 823 3531 958 3595; x_wconf 78' lang='lat' dir='ltr'>Unguibus]</span> <span class='ocrx_word' id='word_1_410' title='bbox 991 3531 1198 3596; x_wconf 75' lang='lat' dir='ltr'>Hyperbolicois:</span> <span class='ocrx_word' id='word_1_411' title='bbox 1216 3530 1244 3582; x_wconf 93' lang='lat' dir='ltr'>ld</span> 
     </span>
     <span class='ocr_line' id='line_1_43' title="bbox 142 3604 1101 3672; baseline -0.01 -16"><span class='ocrx_word' id='word_1_412' title='bbox 142 3607 213 3672; x_wconf 86' lang='lat' dir='ltr'>qnod</span> <span class='ocrx_word' id='word_1_413' title='bbox 224 3604 372 3656; x_wconf 87' lang='lat' dir='ltr'>Herodotus</span> <span class='ocrx_word' id='word_1_414' title='bbox 380 3604 449 3668; x_wconf 86' lang='lat' dir='ltr'>apud</span> <span class='ocrx_word' id='word_1_415' title='bbox 459 3605 567 3654; x_wconf 82' lang='lat' dir='ltr'>Graecos</span> <span class='ocrx_word' id='word_1_416' title='bbox 583 3605 676 3668; x_wconf 88' lang='lat' dir='ltr'>plenis·</span> <span class='ocrx_word' id='word_1_417' title='bbox 714 3614 763 3670; x_wconf 65' lang='lat' dir='ltr'>eat,</span> <span class='ocrx_word' id='word_1_418' title='bbox 775 3608 898 3657; x_wconf 69' lang='lat' dir='ltr'>manibus.</span> <span class='ocrx_word' id='word_1_419' title='bbox 933 3609 1007 3658; x_wconf 58' lang='lat' dir='ltr'>Idem,</span> <span class='ocrx_word' id='word_1_420' title='bbox 1050 3631 1051 3634; x_wconf 20' lang='grc' dir='ltr'><strong>κ</strong></span> <span class='ocrx_word' id='word_1_421' title='bbox 1098 3639 1101 3646; x_wconf 95' lang='grc'><em>.</em></span> 
     </span>
     <span class='ocr_line' id='line_1_44' title="bbox 142 3679 1244 3747; baseline -0.003 -14"><span class='ocrx_word' id='word_1_422' title='bbox 142 3683 206 3733; x_wconf 90' lang='lat' dir='ltr'>sime</span> <span class='ocrx_word' id='word_1_423' title='bbox 224 3686 407 3734; x_wconf 88' lang='lat' dir='ltr'>commemorat</span> <span class='ocrx_word' id='word_1_424' title='bbox 418 3681 444 3729; x_wconf 92' lang='lat' dir='ltr'>iu</span> <span class='ocrx_word' id='word_1_425' title='bbox 463 3680 547 3744; x_wconf 91' lang='lat' dir='ltr'>prima</span> <span class='ocrx_word' id='word_1_426' title='bbox 559 3679 675 3730; x_wconf 85' lang='lat' dir='ltr'>historia.</span> <span class='ocrx_word' id='word_1_427' title='bbox 746 3688 795 3734; x_wconf 76' lang='lat'>5³6</span> <span class='ocrx_word' id='word_1_428' title='bbox 813 3683 1039 3747; x_wconf 81' lang='lat' dir='ltr'>Cmtentuceruicc]</span> <span class='ocrx_word' id='word_1_429' title='bbox 1055 3681 1179 3732; x_wconf 73' lang='grc' dir='ltr'><strong><em>Συντόνως.</em></strong></span> <span class='ocrx_word' id='word_1_430' title='bbox 1201 3681 1244 3742; x_wconf 76' lang='grc' dir='ltr'>ἄμ-</span> 
     </span>
     <span class='ocr_line' id='line_1_45' title="bbox 143 3756 1124 3825; baseline 0 -16"><span class='ocrx_word' id='word_1_431' title='bbox 143 3759 250 3809; x_wconf 76' lang='lat' dir='ltr'>Smt&#39;tts.</span> <span class='ocrx_word' id='word_1_432' title='bbox 713 3756 1001 3825; x_wconf 75' lang='grc' dir='ltr'><strong><em>πρεύειν,συναμπρεύειν.</em></strong></span> <span class='ocrx_word' id='word_1_433' title='bbox 1038 3759 1124 3809; x_wconf 75' lang='lat' dir='ltr'>Cerdo.</span> 
     </span>
    </p>

    <p class='ocr_par' dir='ltr' id='par_1_10' title="bbox 143 3832 1246 4203">
     <span class='ocr_line' id='line_1_46' title="bbox 182 3832 1244 3899; baseline -0.003 -13"><span class='ocrx_word' id='word_1_434' title='bbox 182 3837 240 3886; x_wconf 80' lang='lat' dir='ltr'>Uria</span> <span class='ocrx_word' id='word_1_435' title='bbox 251 3834 391 3899; x_wconf 79' lang='lat' dir='ltr'>Inparibus]</span> <span class='ocrx_word' id='word_1_436' title='bbox 412 3833 469 3884; x_wconf 83' lang='lat' dir='ltr'>Uria</span> <span class='ocrx_word' id='word_1_437' title='bbox 484 3833 621 3897; x_wconf 78' lang='lat' dir='ltr'>impauidas,</span> <span class='ocrx_word' id='word_1_438' title='bbox 638 3847 676 3883; x_wconf 89' lang='lat' dir='ltr'>se·</span> <span class='ocrx_word' id='word_1_439' title='bbox 749 3835 867 3898; x_wconf 69' lang='lat' dir='ltr'>liniunt]</span> <span class='ocrx_word' id='word_1_440' title='bbox 885 3836 944 3883; x_wconf 90' lang='lat' dir='ltr'>Hoc</span> <span class='ocrx_word' id='word_1_441' title='bbox 953 3833 1060 3882; x_wconf 89' lang='lat' dir='ltr'>verbum</span> <span class='ocrx_word' id='word_1_442' title='bbox 1073 3833 1100 3882; x_wconf 91' lang='lat' dir='ltr'>iu</span> <span class='ocrx_word' id='word_1_443' title='bbox 1111 3835 1142 3885; x_wconf 87' lang='lat' dir='ltr'>R.</span> <span class='ocrx_word' id='word_1_444' title='bbox 1159 3832 1244 3883; x_wconf 82' lang='lat' dir='ltr'>venie.</span> 
     </span>
     <span class='ocr_line' id='line_1_47' title="bbox 143 3909 1167 3975; baseline -0.003 -12"><span class='ocrx_word' id='word_1_445' title='bbox 143 3912 258 3963; x_wconf 88' lang='lat' dir='ltr'>cundum</span> <span class='ocrx_word' id='word_1_446' title='bbox 276 3911 405 3973; x_wconf 85' lang='lat' dir='ltr'>Servium,</span> <span class='ocrx_word' id='word_1_447' title='bbox 421 3910 470 3960; x_wconf 87' lang='lat' dir='ltr'>sibi</span> <span class='ocrx_word' id='word_1_448' title='bbox 489 3909 675 3973; x_wconf 79' lang='lat' dir='ltr'>inaequalibus:</span> <span class='ocrx_word' id='word_1_449' title='bbox 714 3928 745 3965; x_wconf 86' lang='lat'>11.</span> <span class='ocrx_word' id='word_1_450' title='bbox 756 3919 780 3963; x_wconf 84' lang='grc'>7.</span> <span class='ocrx_word' id='word_1_451' title='bbox 796 3909 989 3975; x_wconf 80' lang='lat' dir='ltr'>exponitSceff.</span> <span class='ocrx_word' id='word_1_452' title='bbox 1023 3913 1167 3960; x_wconf 82' lang='lat' dir='ltr'>Emmeness.</span> 
     </span>
     <span class='ocr_line' id='line_1_48' title="bbox 143 3984 1245 4052; baseline -0.006 -14"><span class='ocrx_word' id='word_1_453' title='bbox 143 3988 264 4039; x_wconf 87' lang='lat' dir='ltr'>nimirum</span> <span class='ocrx_word' id='word_1_454' title='bbox 276 3986 344 4052; x_wconf 88' lang='lat' dir='ltr'>qnod</span> <span class='ocrx_word' id='word_1_455' title='bbox 358 3987 463 4049; x_wconf 90' lang='lat' dir='ltr'>penuria</span> <span class='ocrx_word' id='word_1_456' title='bbox 480 3992 508 4034; x_wconf 90' lang='lat' dir='ltr'>et</span> <span class='ocrx_word' id='word_1_457' title='bbox 528 3985 630 4049; x_wconf 91' lang='lat' dir='ltr'>pecoris</span> <span class='ocrx_word' id='word_1_458' title='bbox 641 3984 677 4032; x_wconf 89' lang='lat' dir='ltr'>in·</span> <span class='ocrx_word' id='word_1_459' title='bbox 747 3993 794 4039; x_wconf 75' lang='lat'>537</span> <span class='ocrx_word' id='word_1_460' title='bbox 813 3988 869 4037; x_wconf 74' lang='lat' dir='ltr'>Noa</span> <span class='ocrx_word' id='word_1_461' title='bbox 888 3985 967 4050; x_wconf 75' lang='lat' dir='ltr'>lupae]</span> <span class='ocrx_word' id='word_1_462' title='bbox 984 3987 1063 4035; x_wconf 80' lang='lat' dir='ltr'>Paria</span> <span class='ocrx_word' id='word_1_463' title='bbox 1075 3986 1153 4036; x_wconf 88' lang='lat' dir='ltr'>Ovid.</span> <span class='ocrx_word' id='word_1_464' title='bbox 1188 3985 1245 4034; x_wconf 76' lang='lat' dir='ltr'>Nos</span> 
     </span>
     <span class='ocr_line' id='line_1_49' title="bbox 144 4061 1244 4130; baseline -0.007 -13"><span class='ocrx_word' id='word_1_465' title='bbox 144 4064 295 4117; x_wconf 87' lang='lat' dir='ltr'>temecione</span> <span class='ocrx_word' id='word_1_466' title='bbox 314 4064 377 4113; x_wconf 90' lang='lat' dir='ltr'>illud</span> <span class='ocrx_word' id='word_1_467' title='bbox 397 4065 511 4114; x_wconf 91' lang='lat' dir='ltr'>seculum</span> <span class='ocrx_word' id='word_1_468' title='bbox 528 4077 579 4112; x_wconf 90' lang='lat' dir='ltr'>nou</span> <span class='ocrx_word' id='word_1_469' title='bbox 601 4063 676 4112; x_wconf 92' lang='lat' dir='ltr'>modo</span> <span class='ocrx_word' id='word_1_470' title='bbox 714 4079 771 4130; x_wconf 84' lang='lat' dir='ltr'>uper</span> <span class='ocrx_word' id='word_1_471' title='bbox 796 4064 868 4112; x_wconf 80' lang='lat' dir='ltr'>irasci</span> <span class='ocrx_word' id='word_1_472' title='bbox 878 4063 995 4124; x_wconf 77' lang='lat' dir='ltr'>meminit,</span> <span class='ocrx_word' id='word_1_473' title='bbox 1015 4077 1056 4111; x_wconf 80' lang='lat' dir='ltr'>aee</span> <span class='ocrx_word' id='word_1_474' title='bbox 1075 4061 1155 4126; x_wconf 79' lang='lat' dir='ltr'>fidere</span> <span class='ocrx_word' id='word_1_475' title='bbox 1174 4074 1244 4109; x_wconf 81' lang='lat' dir='ltr'>cursu</span> 
     </span>
     <span class='ocr_line' id='line_1_50' title="bbox 145 4135 1246 4203; baseline -0.005 -11"><span class='ocrx_word' id='word_1_476' title='bbox 145 4157 198 4192; x_wconf 90' lang='lat' dir='ltr'>uon</span> <span class='ocrx_word' id='word_1_477' title='bbox 206 4141 337 4192; x_wconf 86' lang='lat' dir='ltr'>cicuribus</span> <span class='ocrx_word' id='word_1_478' title='bbox 346 4146 373 4189; x_wconf 86' lang='lat' dir='ltr'>et</span> <span class='ocrx_word' id='word_1_479' title='bbox 382 4141 520 4190; x_wconf 87' lang='lat' dir='ltr'>mansuetis</span> <span class='ocrx_word' id='word_1_480' title='bbox 530 4139 622 4203; x_wconf 92' lang='lat' dir='ltr'>bobus,</span> <span class='ocrx_word' id='word_1_481' title='bbox 631 4139 677 4189; x_wconf 86' lang='lat' dir='ltr'>sed</span> <span class='ocrx_word' id='word_1_482' title='bbox 716 4143 801 4202; x_wconf 81' lang='lat' dir='ltr'>Cerva,</span> <span class='ocrx_word' id='word_1_483' title='bbox 818 4138 982 4188; x_wconf 75' lang='lat' dir='ltr'>accasamentis</span> <span class='ocrx_word' id='word_1_484' title='bbox 1000 4139 1120 4187; x_wconf 79' lang='lat' dir='ltr'>incurrere</span> <span class='ocrx_word' id='word_1_485' title='bbox 1136 4135 1246 4198; x_wconf 76' lang='lat' dir='ltr'>sortibus</span> 
     </span>
    </p>
   </div>
   <div class='ocr_carea' id='block_1_5' title="bbox 144 4211 1246 4285">
    <p class='ocr_par' dir='ltr' id='par_1_11' title="bbox 144 4211 1246 4285">
     <span class='ocr_line' id='line_1_51' title="bbox 144 4211 1246 4285; baseline -0.006 -14"><span class='ocrx_word' id='word_1_486' title='bbox 144 4215 219 4285; x_wconf 74' lang='lat' dir='ltr'>feris,</span> <span class='ocrx_word' id='word_1_487' title='bbox 229 4217 382 4284; x_wconf 63' lang='lat' dir='ltr'>mentibu,</span> <span class='ocrx_word' id='word_1_488' title='bbox 397 4216 483 4284; x_wconf 73' lang='lat' dir='ltr'>lisque,</span> <span class='ocrx_word' id='word_1_489' title='bbox 493 4215 641 4281; x_wconf 86' lang='lat' dir='ltr'>imparibus,</span> <span class='ocrx_word' id='word_1_490' title='bbox 649 4221 677 4266; x_wconf 91' lang='lat' dir='ltr'>et</span> <span class='ocrx_word' id='word_1_491' title='bbox 714 4217 772 4268; x_wconf 75' lang='lat' dir='ltr'>urei.</span> <span class='ocrx_word' id='word_1_492' title='bbox 807 4217 894 4267; x_wconf 79' lang='lat' dir='ltr'>Omnia</span> <span class='ocrx_word' id='word_1_493' title='bbox 921 4216 1026 4278; x_wconf 75' lang='lat' dir='ltr'>languor</span> <span class='ocrx_word' id='word_1_494' title='bbox 1044 4212 1123 4266; x_wconf 76' lang='lat' dir='ltr'>babet.</span> <span class='ocrx_word' id='word_1_495' title='bbox 1166 4211 1246 4265; x_wconf 77' lang='lat' dir='ltr'>Parta</span> 
     </span>
    </p>
   </div>
   <div class='ocr_carea' id='block_1_6' title="bbox 0 0 1394 4696">
    <p class='ocr_par' dir='ltr' id='par_1_12' title="bbox 0 0 1394 4696">
     <span class='ocr_line' id='line_1_52' title="bbox 0 0 1394 4696; baseline 0 0"><span class='ocrx_word' id='word_1_496' title='bbox 0 0 1394 4696; x_wconf 95' lang='lat' dir='ltr'> </span> 
     </span>
    </p>
   </div>
  </div>
 </body>
</html>
