<?xml version="1.0" encoding="UTF-8"?>
<!DOCTYPE html PUBLIC "-//W3C//DTD XHTML 1.0 Transitional//EN"
    "http://www.w3.org/TR/xhtml1/DTD/xhtml1-transitional.dtd">
<html xmlns="http://www.w3.org/1999/xhtml" xml:lang="en" lang="en">
 <head>
  <title>
</title>
<meta http-equiv="Content-Type" content="text/html;charset=utf-8" />
  <meta name='ocr-system' content='tesseract 3.04.00' />
  <meta name='ocr-capabilities' content='ocr_page ocr_carea ocr_par ocr_line ocrx_word'/>
</head>
<body>
  <div class='ocr_page' id='page_1' title='image "./pvirgiliimaroni01virggoog/pvirgiliimaroni01virggoog_0442.png"; bbox 0 0 2744 4696; ppageno 0'>
   <div class='ocr_carea' id='block_1_1' title="bbox 130 341 888 411">
    <p class='ocr_par' dir='ltr' id='par_1_1' title="bbox 130 341 888 411">
     <span class='ocr_line' id='line_1_1' title="bbox 130 341 888 411; baseline -0.009 0"><span class='ocrx_word' id='word_1_1' title='bbox 130 341 219 411; x_wconf 72' lang='lat' dir='ltr'><strong>otor</strong></span> <span class='ocrx_word' id='word_1_2' title='bbox 489 352 599 407; x_wconf 70' lang='lat' dir='ltr'><strong>nors</strong></span> <span class='ocrx_word' id='word_1_3' title='bbox 621 354 822 406; x_wconf 79' lang='lat' dir='ltr'><strong>vsusonusr</strong></span> <span class='ocrx_word' id='word_1_4' title='bbox 847 344 888 405; x_wconf 80' lang='lat' dir='ltr'><strong>sir</strong></span> 
     </span>
    </p>
   </div>
   <div class='ocr_carea' id='block_1_2' title="bbox 108 495 1243 4282">
    <p class='ocr_par' dir='ltr' id='par_1_2' title="bbox 108 495 1243 4282">
     <span class='ocr_line' id='line_1_2' title="bbox 163 495 1234 563; baseline -0.001 -11"><span class='ocrx_word' id='word_1_5' title='bbox 163 503 211 552; x_wconf 71' lang='lat' dir='ltr'><strong>ul</strong></span> <span class='ocrx_word' id='word_1_6' title='bbox 229 497 348 563; x_wconf 65' lang='lat' dir='ltr'><strong>muln]</strong></span> <span class='ocrx_word' id='word_1_7' title='bbox 363 497 406 549; x_wconf 78' lang='lat' dir='ltr'><strong>Ad</strong></span> <span class='ocrx_word' id='word_1_8' title='bbox 417 499 522 563; x_wconf 81' lang='lat' dir='ltr'><strong>templs.</strong></span> <span class='ocrx_word' id='word_1_9' title='bbox 550 497 663 561; x_wconf 71' lang='lat' dir='ltr'><strong>Ptirsrg.</strong></span> <span class='ocrx_word' id='word_1_10' title='bbox 705 497 795 563; x_wconf 88' lang='lat' dir='ltr'><strong>tepido</strong></span> <span class='ocrx_word' id='word_1_11' title='bbox 806 499 950 563; x_wconf 80' lang='lat' dir='ltr'><strong>spumantis</strong></span> <span class='ocrx_word' id='word_1_12' title='bbox 959 495 1163 563; x_wconf 64' lang='lat' dir='ltr'><strong>cymbislssolo.¹</strong></span> <span class='ocrx_word' id='word_1_13' title='bbox 1177 499 1234 551; x_wconf 77' lang='lat' dir='ltr'><strong>Ger.</strong></span> 
     </span>
     <span class='ocr_line' id='line_1_3' title="bbox 161 575 1235 643; baseline -0.003 -14"><span class='ocrx_word' id='word_1_14' title='bbox 161 577 221 629; x_wconf 74' lang='lat' dir='ltr'><strong>Ars</strong></span> <span class='ocrx_word' id='word_1_15' title='bbox 236 579 268 628; x_wconf 87' lang='lat' dir='ltr'><strong>sd</strong></span> <span class='ocrx_word' id='word_1_16' title='bbox 282 577 390 643; x_wconf 73' lang='lat' dir='ltr'><strong>delubra]</strong></span> <span class='ocrx_word' id='word_1_17' title='bbox 413 575 529 640; x_wconf 75' lang='lat' dir='ltr'><strong>Attinglt</strong></span> <span class='ocrx_word' id='word_1_18' title='bbox 546 577 664 626; x_wconf 73' lang='lat' dir='ltr'><strong>notitiam</strong></span> <span class='ocrx_word' id='word_1_19' title='bbox 737 575 839 640; x_wconf 73' lang='lat' dir='ltr'><strong>Ombos]</strong></span> <span class='ocrx_word' id='word_1_20' title='bbox 854 577 965 626; x_wconf 87' lang='lat' dir='ltr'><strong>Dstivns</strong></span> <span class='ocrx_word' id='word_1_21' title='bbox 978 576 1088 626; x_wconf 75' lang='lat' dir='ltr'><strong>Grecos</strong></span> <span class='ocrx_word' id='word_1_22' title='bbox 1097 581 1146 626; x_wconf 82' lang='lat' dir='ltr'><strong>est.</strong></span> <span class='ocrx_word' id='word_1_23' title='bbox 1167 575 1235 627; x_wconf 75' lang='lat' dir='ltr'><strong>Sars.</strong></span> 
     </span>
     <span class='ocr_line' id='line_1_4' title="bbox 130 650 1236 718; baseline 0 -15"><span class='ocrx_word' id='word_1_24' title='bbox 130 653 363 718; x_wconf 65' lang='lat' dir='ltr'><strong>antiquitatisque</strong></span> <span class='ocrx_word' id='word_1_25' title='bbox 374 653 547 717; x_wconf 79' lang='lat' dir='ltr'><strong>observatum,</strong></span> <span class='ocrx_word' id='word_1_26' title='bbox 563 660 592 703; x_wconf 88' lang='lat' dir='ltr'><strong>ut</strong></span> <span class='ocrx_word' id='word_1_27' title='bbox 603 660 666 703; x_wconf 89' lang='lat' dir='ltr'><strong>tem·</strong></span> <span class='ocrx_word' id='word_1_28' title='bbox 737 650 839 716; x_wconf 71' lang='lat' dir='ltr'><strong>Orphei]</strong></span> <span class='ocrx_word' id='word_1_29' title='bbox 850 652 882 701; x_wconf 92' lang='grc' dir='ltr'><strong>Ῑιι</strong></span> <span class='ocrx_word' id='word_1_30' title='bbox 894 652 1010 701; x_wconf 76' lang='lat' dir='ltr'><strong>Romano</strong></span> <span class='ocrx_word' id='word_1_31' title='bbox 1021 658 1125 703; x_wconf 78' lang='lat' dir='ltr'><strong>tautum</strong></span> <span class='ocrx_word' id='word_1_32' title='bbox 1137 651 1236 718; x_wconf 85' lang='lat' dir='ltr'><strong>codice,</strong></span> 
     </span>
     <span class='ocr_line' id='line_1_5' title="bbox 130 727 1235 794; baseline 0 -16"><span class='ocrx_word' id='word_1_33' title='bbox 130 727 176 794; x_wconf 81' lang='lat' dir='ltr'><strong>pls</strong></span> <span class='ocrx_word' id='word_1_34' title='bbox 196 742 298 792; x_wconf 85' lang='lat' dir='ltr'><strong>semper</strong></span> <span class='ocrx_word' id='word_1_35' title='bbox 317 732 531 778; x_wconf 75' lang='lat' dir='ltr'><strong>construerentur</strong></span> <span class='ocrx_word' id='word_1_36' title='bbox 553 728 579 776; x_wconf 91' lang='lat' dir='ltr'><strong>in</strong></span> <span class='ocrx_word' id='word_1_37' title='bbox 601 727 664 777; x_wconf 91' lang='lat' dir='ltr'><strong>locis</strong></span> <span class='ocrx_word' id='word_1_38' title='bbox 705 727 1235 791; x_wconf 69' lang='lat' dir='ltr'><strong>Orpbeolntinodeclinstuscriptomestz</strong></span> 
     </span>
     <span class='ocr_line' id='line_1_6' title="bbox 130 803 1236 869; baseline -0.001 -13"><span class='ocrx_word' id='word_1_39' title='bbox 130 805 248 856; x_wconf 80' lang='lat' dir='ltr'><strong>excelsis.</strong></span> <span class='ocrx_word' id='word_1_40' title='bbox 283 805 369 854; x_wconf 80' lang='lat' dir='ltr'><strong>Firmo</strong></span> <span class='ocrx_word' id='word_1_41' title='bbox 380 804 450 854; x_wconf 87' lang='lat' dir='ltr'><strong>alibi.</strong></span> <span class='ocrx_word' id='word_1_42' title='bbox 486 805 571 855; x_wconf 72' lang='lat' dir='ltr'><strong>Cerdo.</strong></span> <span class='ocrx_word' id='word_1_43' title='bbox 702 803 772 867; x_wconf 88' lang='lat' dir='ltr'><strong>quod</strong></span> <span class='ocrx_word' id='word_1_44' title='bbox 791 819 839 866; x_wconf 92' lang='lat' dir='ltr'><strong>per</strong></span> <span class='ocrx_word' id='word_1_45' title='bbox 850 805 977 867; x_wconf 85' lang='lat' dir='ltr'><strong>synizesin</strong></span> <span class='ocrx_word' id='word_1_46' title='bbox 994 804 1150 869; x_wconf 76' lang='lat' dir='ltr'><strong>accipietur,</strong></span> <span class='ocrx_word' id='word_1_47' title='bbox 1164 803 1236 855; x_wconf 82' lang='lat' dir='ltr'><strong>utol·</strong></span> 
     </span>
     <span class='ocr_line' id='line_1_7' title="bbox 164 876 1235 944; baseline -0.002 -14"><span class='ocrx_word' id='word_1_48' title='bbox 164 880 283 943; x_wconf 81' lang='lat' dir='ltr'><strong>Delabru]</strong></span> <span class='ocrx_word' id='word_1_49' title='bbox 295 880 424 929; x_wconf 79' lang='lat' dir='ltr'><strong>Delsbrsos</strong></span> <span class='ocrx_word' id='word_1_50' title='bbox 435 880 523 929; x_wconf 83' lang='lat' dir='ltr'><strong>Graeci</strong></span> <span class='ocrx_word' id='word_1_51' title='bbox 533 880 665 930; x_wconf 83' lang='lat' dir='ltr'><strong>Gramma-</strong></span> <span class='ocrx_word' id='word_1_52' title='bbox 701 880 790 939; x_wconf 76' lang='lat' dir='ltr'><strong>amrin,</strong></span> <span class='ocrx_word' id='word_1_53' title='bbox 801 876 831 930; x_wconf 66' lang='lat' dir='ltr'><strong>et&#39;</strong></span> <span class='ocrx_word' id='word_1_54' title='bbox 841 880 968 944; x_wconf 69' lang='lat' dir='ltr'><strong>Ferreiqm</strong></span> <span class='ocrx_word' id='word_1_55' title='bbox 985 880 1145 930; x_wconf 77' lang='lat' dir='ltr'><strong>Esrness&#39;dsm</strong></span> <span class='ocrx_word' id='word_1_56' title='bbox 1160 880 1235 929; x_wconf 85' lang='lat' dir='ltr'><strong>tlsolu·</strong></span> 
     </span>
     <span class='ocr_line' id='line_1_8' title="bbox 132 952 1235 1020; baseline -0.001 -15"><span class='ocrx_word' id='word_1_57' title='bbox 132 954 187 1019; x_wconf 86' lang='lat' dir='ltr'><strong>lici,</strong></span> <span class='ocrx_word' id='word_1_58' title='bbox 202 953 338 1018; x_wconf 73' lang='grc' dir='ltr'><strong><em>καθίδρυμα,</em></strong></span> <span class='ocrx_word' id='word_1_59' title='bbox 349 953 439 1018; x_wconf 73' lang='grc' dir='ltr'><strong>ξόανον,</strong></span> <span class='ocrx_word' id='word_1_60' title='bbox 456 952 570 1015; x_wconf 58' lang='lat' dir='ltr'><strong>oropo</strong></span> <span class='ocrx_word' id='word_1_61' title='bbox 603 954 665 1004; x_wconf 86' lang='lat' dir='ltr'><strong>Fes·</strong></span> <span class='ocrx_word' id='word_1_62' title='bbox 701 955 745 1004; x_wconf 81' lang='lat' dir='ltr'><strong>ssi.</strong></span> <span class='ocrx_word' id='word_1_63' title='bbox 779 955 974 1006; x_wconf 78' lang='lat' dir='ltr'><strong>lualiistamen</strong></span> <span class='ocrx_word' id='word_1_64' title='bbox 987 956 1086 1020; x_wconf 76' lang='lat' dir='ltr'><strong>Orpboer&#39;</strong></span> <span class='ocrx_word' id='word_1_65' title='bbox 1100 970 1148 1020; x_wconf 87' lang='lat' dir='ltr'><strong>per</strong></span> <span class='ocrx_word' id='word_1_66' title='bbox 1164 956 1235 1020; x_wconf 87' lang='lat' dir='ltr'><strong>diph-</strong></span> 
     </span>
     <span class='ocr_line' id='line_1_9' title="bbox 131 1028 1234 1096; baseline 0.001 -15"><span class='ocrx_word' id='word_1_67' title='bbox 131 1035 191 1081; x_wconf 82' lang='lat' dir='ltr'><strong>tus:</strong></span> <span class='ocrx_word' id='word_1_68' title='bbox 208 1031 370 1080; x_wconf 88' lang='lat' dir='ltr'><strong>‘Delubrum</strong></span> <span class='ocrx_word' id='word_1_69' title='bbox 381 1029 504 1079; x_wconf 84' lang='lat' dir='ltr'><strong>dicebsnt</strong></span> <span class='ocrx_word' id='word_1_70' title='bbox 514 1029 609 1080; x_wconf 77' lang='lat' dir='ltr'><strong>fustem</strong></span> <span class='ocrx_word' id='word_1_71' title='bbox 620 1028 665 1079; x_wconf 89' lang='lat' dir='ltr'><strong>de·</strong></span> <span class='ocrx_word' id='word_1_72' title='bbox 703 1029 825 1094; x_wconf 78' lang='lat' dir='ltr'><strong>mongum</strong></span> <span class='ocrx_word' id='word_1_73' title='bbox 837 1037 892 1081; x_wconf 88' lang='lat' dir='ltr'><strong>est:</strong></span> <span class='ocrx_word' id='word_1_74' title='bbox 906 1031 1035 1082; x_wconf 83' lang='lat' dir='ltr'><strong>uthece</strong></span> <span class='ocrx_word' id='word_1_75' title='bbox 1048 1031 1144 1096; x_wconf 75' lang='grc' dir='ltr'><strong>Ὀρφει,</strong></span> <span class='ocrx_word' id='word_1_76' title='bbox 1152 1031 1234 1096; x_wconf 77' lang='lat' dir='ltr'><strong>cujus·</strong></span> 
     </span>
     <span class='ocr_line' id='line_1_10' title="bbox 131 1104 1233 1171; baseline 0.002 -16"><span class='ocrx_word' id='word_1_77' title='bbox 131 1104 265 1168; x_wconf 72' lang='lat' dir='ltr'><strong>bonrum,</strong></span> <span class='ocrx_word' id='word_1_78' title='bbox 276 1105 304 1155; x_wconf 91' lang='lat' dir='ltr'><strong>id</strong></span> <span class='ocrx_word' id='word_1_79' title='bbox 315 1112 364 1168; x_wconf 86' lang='lat' dir='ltr'><strong>est,</strong></span> <span class='ocrx_word' id='word_1_80' title='bbox 381 1104 577 1168; x_wconf 78' lang='lat' dir='ltr'><strong>decorticatum,</strong></span> <span class='ocrx_word' id='word_1_81' title='bbox 588 1120 665 1170; x_wconf 86' lang='lat' dir='ltr'><strong>qoem</strong></span> <span class='ocrx_word' id='word_1_82' title='bbox 701 1105 771 1156; x_wconf 85' lang='lat' dir='ltr'><strong>modi</strong></span> <span class='ocrx_word' id='word_1_83' title='bbox 792 1107 856 1158; x_wconf 88' lang='lat' dir='ltr'><strong>illud</strong></span> <span class='ocrx_word' id='word_1_84' title='bbox 885 1109 963 1158; x_wconf 88' lang='lat' dir='ltr'><strong>etiarn</strong></span> <span class='ocrx_word' id='word_1_85' title='bbox 993 1108 1063 1171; x_wconf 84' lang='lat' dir='ltr'><strong>apud</strong></span> <span class='ocrx_word' id='word_1_86' title='bbox 1091 1108 1233 1159; x_wconf 85' lang='lat' dir='ltr'><strong>Cotullom:</strong></span> 
     </span>
     <span class='ocr_line' id='line_1_11' title="bbox 131 1180 1234 1249; baseline 0.003 -18"><span class='ocrx_word' id='word_1_87' title='bbox 131 1181 325 1231; x_wconf 76' lang='lat' dir='ltr'><strong>merebantur</strong></span> <span class='ocrx_word' id='word_1_88' title='bbox 335 1195 383 1244; x_wconf 88' lang='lat' dir='ltr'><strong>pro</strong></span> <span class='ocrx_word' id='word_1_89' title='bbox 398 1180 465 1230; x_wconf 81' lang='lat' dir='ltr'><strong>deo.¹</strong></span> <span class='ocrx_word' id='word_1_90' title='bbox 497 1181 566 1230; x_wconf 90' lang='lat' dir='ltr'><strong>Vide</strong></span> <span class='ocrx_word' id='word_1_91' title='bbox 578 1189 664 1231; x_wconf 77' lang='lat' dir='ltr'><strong>tamen</strong></span> <span class='ocrx_word' id='word_1_92' title='bbox 702 1183 710 1209; x_wconf 80' lang='lat'><strong><em>⁶</em></strong></span> <span class='ocrx_word' id='word_1_93' title='bbox 723 1183 813 1234; x_wconf 78' lang='lat' dir='ltr'><strong>Qualis</strong></span> <span class='ocrx_word' id='word_1_94' title='bbox 826 1183 899 1235; x_wconf 79' lang='lat' dir='ltr'><strong>odeat</strong></span> <span class='ocrx_word' id='word_1_95' title='bbox 910 1184 1021 1246; x_wconf 79' lang='lat' dir='ltr'><strong>Thetidi,</strong></span> <span class='ocrx_word' id='word_1_96' title='bbox 1035 1184 1119 1249; x_wconf 76' lang='lat' dir='ltr'><strong>qualis</strong></span> <span class='ocrx_word' id='word_1_97' title='bbox 1130 1197 1234 1234; x_wconf 86' lang='lat' dir='ltr'><strong>concor·</strong></span> 
     </span>
     <span class='ocr_line' id='line_1_12' title="bbox 132 1255 1234 1326; baseline 0.004 -19"><span class='ocrx_word' id='word_1_98' title='bbox 132 1260 161 1307; x_wconf 85' lang='lat' dir='ltr'><strong>st</strong></span> <span class='ocrx_word' id='word_1_99' title='bbox 172 1256 235 1307; x_wconf 88' lang='lat' dir='ltr'><strong>Not.</strong></span> <span class='ocrx_word' id='word_1_100' title='bbox 245 1255 302 1305; x_wconf 80' lang='lat' dir='ltr'><strong>AEn.</strong></span> <span class='ocrx_word' id='word_1_101' title='bbox 314 1269 345 1306; x_wconf 84' lang='lat'><strong>11.</strong></span> <span class='ocrx_word' id='word_1_102' title='bbox 357 1259 416 1305; x_wconf 78' lang='lat' dir='ltr'><strong>nso.</strong></span> <span class='ocrx_word' id='word_1_103' title='bbox 434 1261 479 1305; x_wconf 86' lang='lat' dir='ltr'><strong>sut</strong></span> <span class='ocrx_word' id='word_1_104' title='bbox 491 1256 609 1305; x_wconf 82' lang='lat' dir='ltr'><strong>Macrob.</strong></span> <span class='ocrx_word' id='word_1_105' title='bbox 622 1267 665 1304; x_wconf 86' lang='grc' dir='ltr'><strong>ιιι.</strong></span> <span class='ocrx_word' id='word_1_106' title='bbox 702 1256 745 1306; x_wconf 81' lang='lat' dir='ltr'><strong>dia</strong></span> <span class='ocrx_word' id='word_1_107' title='bbox 755 1259 846 1309; x_wconf 69' lang='lat' dir='ltr'><strong>Pelei!</strong></span> <span class='ocrx_word' id='word_1_108' title='bbox 879 1261 1049 1326; x_wconf 76' lang='lat' dir='ltr'><strong>Subsequitur</strong></span> <span class='ocrx_word' id='word_1_109' title='bbox 1060 1261 1123 1310; x_wconf 87' lang='lat' dir='ltr'><strong>inde</strong></span> <span class='ocrx_word' id='word_1_110' title='bbox 1135 1275 1234 1311; x_wconf 82' lang='lat' dir='ltr'><strong>versos:</strong></span> 
     </span>
     <span class='ocr_line' id='line_1_13' title="bbox 131 1331 1236 1400; baseline 0.003 -17"><span class='ocrx_word' id='word_1_111' title='bbox 131 1335 158 1383; x_wconf 82' lang='lat' dir='ltr'><strong>t.</strong></span> <span class='ocrx_word' id='word_1_112' title='bbox 194 1331 337 1381; x_wconf 61' lang='lat' dir='ltr'><strong>imbuens.</strong></span> <span class='ocrx_word' id='word_1_113' title='bbox 701 1333 855 1384; x_wconf 82' lang='lat' dir='ltr'><strong>‘Placutsm</strong></span> <span class='ocrx_word' id='word_1_114' title='bbox 875 1335 1024 1400; x_wconf 79' lang='lat' dir='ltr'><strong>Eurydicen</strong></span> <span class='ocrx_word' id='word_1_115' title='bbox 1036 1337 1120 1386; x_wconf 84' lang='lat' dir='ltr'><strong>vitula</strong></span> <span class='ocrx_word' id='word_1_116' title='bbox 1134 1351 1236 1387; x_wconf 83' lang='lat' dir='ltr'><strong>venent-</strong></span> 
     </span>
     <span class='ocr_line' id='line_1_14' title="bbox 166 1406 1234 1476; baseline 0.003 -18"><span class='ocrx_word' id='word_1_117' title='bbox 166 1409 231 1458; x_wconf 74' lang='lat' dir='ltr'><strong>slrns</strong></span> <span class='ocrx_word' id='word_1_118' title='bbox 254 1407 388 1470; x_wconf 72' lang='lat' dir='ltr'><strong>Constitue]</strong></span> <span class='ocrx_word' id='word_1_119' title='bbox 420 1408 463 1458; x_wconf 82' lang='lat' dir='ltr'><strong>Sic</strong></span> <span class='ocrx_word' id='word_1_120' title='bbox 486 1413 514 1457; x_wconf 90' lang='lat' dir='ltr'><strong>et</strong></span> <span class='ocrx_word' id='word_1_121' title='bbox 539 1406 661 1472; x_wconf 84' lang='lat' dir='ltr'><strong>Apollon.</strong></span> <span class='ocrx_word' id='word_1_122' title='bbox 701 1408 858 1461; x_wconf 55' lang='lat' dir='ltr'><strong>bsrecrmss</strong></span> <span class='ocrx_word' id='word_1_123' title='bbox 891 1412 958 1462; x_wconf 89' lang='lat' dir='ltr'><strong>Post</strong></span> <span class='ocrx_word' id='word_1_124' title='bbox 968 1412 1078 1462; x_wconf 85' lang='lat' dir='ltr'><strong>bunc:·‘</strong></span> <span class='ocrx_word' id='word_1_125' title='bbox 1090 1413 1127 1461; x_wconf 87' lang='lat' dir='ltr'><strong>Et</strong></span> <span class='ocrx_word' id='word_1_126' title='bbox 1138 1412 1234 1476; x_wconf 79' lang='lat' dir='ltr'><strong>nigram</strong></span> 
     </span>
     <span class='ocr_line' id='line_1_15' title="bbox 131 1481 1242 1553; baseline 0.005 -21"><span class='ocrx_word' id='word_1_127' title='bbox 131 1482 150 1534; x_wconf 91' lang='lat' dir='ltr'><strong>l.</strong></span> <span class='ocrx_word' id='word_1_128' title='bbox 163 1495 196 1532; x_wconf 88' lang='grc' dir='ltr'><strong>ιι.</strong></span> <span class='ocrx_word' id='word_1_129' title='bbox 212 1482 291 1543; x_wconf 67' lang='grc' dir='ltr'><strong><em>βωμὸν</em></strong></span> <span class='ocrx_word' id='word_1_130' title='bbox 301 1481 478 1540; x_wconf 66' lang='grc' dir='ltr'><strong>ἀναστήσαντας</strong></span> <span class='ocrx_word' id='word_1_131' title='bbox 492 1481 618 1535; x_wconf 64' lang='lat' dir='ltr'><strong>hilerim:</strong></span> <span class='ocrx_word' id='word_1_132' title='bbox 635 1491 664 1536; x_wconf 91' lang='lat' dir='ltr'><strong>et</strong></span> <span class='ocrx_word' id='word_1_133' title='bbox 702 1486 827 1535; x_wconf 73' lang='lat' dir='ltr'><strong>mactabis</strong></span> <span class='ocrx_word' id='word_1_134' title='bbox 846 1502 929 1551; x_wconf 81' lang='lat' dir='ltr'><strong>ovem,</strong></span> <span class='ocrx_word' id='word_1_135' title='bbox 956 1489 1095 1553; x_wconf 87' lang='lat' dir='ltr'><strong>lucumque</strong></span> <span class='ocrx_word' id='word_1_136' title='bbox 1126 1487 1242 1544; x_wconf 66' lang='lat' dir='ltr'><strong>revises?¹</strong></span> 
     </span>
     <span class='ocr_line' id='line_1_16' title="bbox 131 1557 1236 1620; baseline 0.005 -13"><span class='ocrx_word' id='word_1_137' title='bbox 131 1557 354 1620; x_wconf 70' lang='grc' dir='ltr'><strong>βυμὸνπτόκοντο.</strong></span> <span class='ocrx_word' id='word_1_138' title='bbox 388 1559 529 1610; x_wconf 80' lang='lat' dir='ltr'><strong>Gemoniis.</strong></span> <span class='ocrx_word' id='word_1_139' title='bbox 703 1560 762 1611; x_wconf 88' lang='lat' dir='ltr'><strong>Hoc</strong></span> <span class='ocrx_word' id='word_1_140' title='bbox 779 1562 869 1612; x_wconf 82' lang='lat' dir='ltr'><strong>ordine</strong></span> <span class='ocrx_word' id='word_1_141' title='bbox 887 1563 1158 1614; x_wconf 83' lang='lat' dir='ltr'><strong>habenturineodlce</strong></span> <span class='ocrx_word' id='word_1_142' title='bbox 1173 1564 1236 1613; x_wconf 81' lang='lat' dir='ltr'><strong>Ion·</strong></span> 
     </span>
     <span class='ocr_line' id='line_1_17' title="bbox 165 1634 1234 1703; baseline 0.002 -16"><span class='ocrx_word' id='word_1_143' title='bbox 165 1635 341 1698; x_wconf 73' lang='lat' dir='ltr'><strong>uiDerrsitte]</strong></span> <span class='ocrx_word' id='word_1_144' title='bbox 357 1634 665 1700; x_wconf 63' lang='lat' dir='ltr'><strong>Idesqsscrllicamodo.</strong></span> <span class='ocrx_word' id='word_1_145' title='bbox 702 1635 851 1701; x_wconf 76' lang='lat' dir='ltr'><strong>gobsrdico,</strong></span> <span class='ocrx_word' id='word_1_146' title='bbox 880 1644 908 1688; x_wconf 88' lang='lat' dir='ltr'><strong>et</strong></span> <span class='ocrx_word' id='word_1_147' title='bbox 929 1638 967 1688; x_wconf 88' lang='lat' dir='ltr'><strong>ita</strong></span> <span class='ocrx_word' id='word_1_148' title='bbox 989 1638 1163 1703; x_wconf 89' lang='lat' dir='ltr'><strong>disponendos</strong></span> <span class='ocrx_word' id='word_1_149' title='bbox 1180 1652 1234 1689; x_wconf 85' lang='lat' dir='ltr'><strong>esse</strong></span> 
     </span>
     <span class='ocr_line' id='line_1_18' title="bbox 133 1710 1241 1780; baseline 0.005 -17"><span class='ocrx_word' id='word_1_150' title='bbox 133 1710 246 1775; x_wconf 59' lang='lat' dir='ltr'><strong>Pistam.</strong></span> <span class='ocrx_word' id='word_1_151' title='bbox 702 1725 777 1762; x_wconf 88' lang='lat' dir='ltr'><strong>nemo</strong></span> <span class='ocrx_word' id='word_1_152' title='bbox 806 1727 856 1762; x_wconf 93' lang='lat' dir='ltr'><strong>non</strong></span> <span class='ocrx_word' id='word_1_153' title='bbox 883 1713 964 1776; x_wconf 84' lang='lat' dir='ltr'><strong>ridet,</strong></span> <span class='ocrx_word' id='word_1_154' title='bbox 989 1730 1067 1779; x_wconf 89' lang='lat' dir='ltr'><strong>quum</strong></span> <span class='ocrx_word' id='word_1_155' title='bbox 1091 1716 1241 1780; x_wconf 69' lang='lat' dir='ltr'><strong>presertim.</strong></span> 
     </span>
     <span class='ocr_line' id='line_1_19' title="bbox 168 1786 1239 1856; baseline 0.003 -18"><span class='ocrx_word' id='word_1_156' title='bbox 168 1787 330 1849; x_wconf 61' lang='lat' dir='ltr'><strong>oasam.</strong></span> <span class='ocrx_word' id='word_1_157' title='bbox 341 1789 402 1837; x_wconf 83' lang='lat' dir='ltr'><strong>dem.</strong></span> <span class='ocrx_word' id='word_1_158' title='bbox 412 1788 527 1852; x_wconf 79' lang='lat' dir='ltr'><strong>moreris]</strong></span> <span class='ocrx_word' id='word_1_159' title='bbox 538 1789 627 1854; x_wconf 85' lang='lat' dir='ltr'><strong>Enrip.</strong></span> <span class='ocrx_word' id='word_1_160' title='bbox 639 1787 665 1838; x_wconf 92' lang='lat' dir='ltr'><strong>in</strong></span> <span class='ocrx_word' id='word_1_161' title='bbox 702 1786 758 1837; x_wconf 70' lang='lat' dir='ltr'><strong>bec</strong></span> <span class='ocrx_word' id='word_1_162' title='bbox 778 1789 829 1839; x_wconf 86' lang='lat' dir='ltr'><strong>rite</strong></span> <span class='ocrx_word' id='word_1_163' title='bbox 850 1788 978 1853; x_wconf 79' lang='lat' dir='ltr'><strong>perfecto,</strong></span> <span class='ocrx_word' id='word_1_164' title='bbox 1000 1805 1052 1856; x_wconf 89' lang='lat' dir='ltr'><strong>quo</strong></span> <span class='ocrx_word' id='word_1_165' title='bbox 1073 1798 1239 1855; x_wconf 70' lang='lat' dir='ltr'><strong>preceptum</strong></span> 
     </span>
     <span class='ocr_line' id='line_1_20' title="bbox 134 1861 1236 1932; baseline 0.004 -17"><span class='ocrx_word' id='word_1_166' title='bbox 134 1861 243 1915; x_wconf 75' lang='lat' dir='ltr'><strong>Hsrscl.</strong></span> <span class='ocrx_word' id='word_1_167' title='bbox 261 1863 318 1912; x_wconf 66' lang='grc' dir='ltr'><strong>ἀλλ’</strong></span> <span class='ocrx_word' id='word_1_168' title='bbox 333 1863 433 1926; x_wconf 71' lang='lat' dir='ltr'><strong>dolicae</strong></span> <span class='ocrx_word' id='word_1_169' title='bbox 449 1867 540 1926; x_wconf 69' lang='grc' dir='ltr'><strong>λαιμῶν</strong></span> <span class='ocrx_word' id='word_1_170' title='bbox 556 1863 666 1931; x_wconf 63' lang='lat' dir='ltr'><strong>sperator</strong></span> <span class='ocrx_word' id='word_1_171' title='bbox 701 1862 787 1915; x_wconf 81' lang='lat' dir='ltr'><strong>fueret</strong></span> <span class='ocrx_word' id='word_1_172' title='bbox 802 1866 904 1929; x_wconf 89' lang='lat' dir='ltr'><strong>ordine,</strong></span> <span class='ocrx_word' id='word_1_173' title='bbox 923 1869 1046 1930; x_wconf 78' lang='lat' dir='ltr'><strong>cognosci</strong></span> <span class='ocrx_word' id='word_1_174' title='bbox 1061 1868 1145 1932; x_wconf 86' lang='lat' dir='ltr'><strong>possit</strong></span> <span class='ocrx_word' id='word_1_175' title='bbox 1161 1883 1236 1919; x_wconf 81' lang='lat' dir='ltr'><strong>exeo</strong></span> 
     </span>
     <span class='ocr_line' id='line_1_21' title="bbox 132 1937 1239 2009; baseline 0.003 -19"><span class='ocrx_word' id='word_1_176' title='bbox 132 1937 374 2003; x_wconf 70' lang='grc' dir='ltr'><strong>ὀθὺςοῦρωνφόνον.</strong></span> <span class='ocrx_word' id='word_1_177' title='bbox 410 1941 552 1991; x_wconf 72' lang='lat' dir='ltr'><strong>Gmsss.</strong></span> <span class='ocrx_word' id='word_1_178' title='bbox 703 1954 788 2002; x_wconf 80' lang='lat' dir='ltr'><strong>versu,</strong></span> <span class='ocrx_word' id='word_1_179' title='bbox 808 1942 852 2005; x_wconf 88' lang='lat' dir='ltr'><strong>qni</strong></span> <span class='ocrx_word' id='word_1_180' title='bbox 870 1947 951 1992; x_wconf 87' lang='lat' dir='ltr'><strong>totam</strong></span> <span class='ocrx_word' id='word_1_181' title='bbox 962 1942 1097 2006; x_wconf 90' lang='lat' dir='ltr'><strong>periodum</strong></span> <span class='ocrx_word' id='word_1_182' title='bbox 1109 1944 1239 2009; x_wconf 44' lang='lat' dir='ltr'><strong>complens</strong></span> 
     </span>
     <span class='ocr_line' id='line_1_22' title="bbox 163 2014 1237 2082; baseline 0.004 -17"><span class='ocrx_word' id='word_1_183' title='bbox 163 2016 225 2078; x_wconf 65' lang='grc' dir='ltr'><strong>διας.</strong></span> <span class='ocrx_word' id='word_1_184' title='bbox 237 2016 335 2066; x_wconf 82' lang='lat' dir='ltr'><strong>demitte</strong></span> <span class='ocrx_word' id='word_1_185' title='bbox 345 2015 379 2078; x_wconf 76' lang='lat' dir='ltr'><strong>n]</strong></span> <span class='ocrx_word' id='word_1_186' title='bbox 405 2015 437 2064; x_wconf 91' lang='lat' dir='ltr'><strong>ld</strong></span> <span class='ocrx_word' id='word_1_187' title='bbox 452 2023 501 2078; x_wconf 86' lang='lat' dir='ltr'><strong>est,</strong></span> <span class='ocrx_word' id='word_1_188' title='bbox 520 2024 608 2068; x_wconf 75' lang='lat' dir='ltr'><strong>tauros</strong></span> <span class='ocrx_word' id='word_1_189' title='bbox 622 2017 666 2082; x_wconf 82' lang='lat' dir='ltr'><strong>jo·</strong></span> <span class='ocrx_word' id='word_1_190' title='bbox 703 2015 782 2066; x_wconf 86' lang='lat' dir='ltr'><strong>titur:</strong></span> <span class='ocrx_word' id='word_1_191' title='bbox 796 2014 923 2066; x_wconf 82' lang='lat' dir='ltr'><strong>‘Inferias</strong></span> <span class='ocrx_word' id='word_1_192' title='bbox 931 2016 1032 2081; x_wconf 85' lang='lat' dir='ltr'><strong>Orphei</strong></span> <span class='ocrx_word' id='word_1_193' title='bbox 1040 2018 1132 2082; x_wconf 88' lang='lat' dir='ltr'><strong>mittit,</strong></span> <span class='ocrx_word' id='word_1_194' title='bbox 1142 2020 1237 2069; x_wconf 85' lang='lat' dir='ltr'><strong>locum·</strong></span> 
     </span>
     <span class='ocr_line' id='line_1_23' title="bbox 133 2092 1237 2160; baseline 0.003 -17"><span class='ocrx_word' id='word_1_195' title='bbox 133 2092 338 2159; x_wconf 65' lang='lat' dir='ltr'><strong>(olssacriticio.</strong></span> <span class='ocrx_word' id='word_1_196' title='bbox 374 2093 520 2144; x_wconf 79' lang='lat' dir='ltr'><strong>Toabrrmsn.</strong></span> <span class='ocrx_word' id='word_1_197' title='bbox 703 2109 754 2159; x_wconf 88' lang='lat' dir='ltr'><strong>que</strong></span> <span class='ocrx_word' id='word_1_198' title='bbox 769 2094 865 2144; x_wconf 85' lang='lat' dir='ltr'><strong>revisit.</strong></span> <span class='ocrx_word' id='word_1_199' title='bbox 899 2094 1032 2145; x_wconf 84' lang='lat' dir='ltr'><strong>Qnsttnor</strong></span> <span class='ocrx_word' id='word_1_200' title='bbox 1047 2094 1155 2145; x_wconf 80' lang='lat' dir='ltr'><strong>eximios</strong></span> <span class='ocrx_word' id='word_1_201' title='bbox 1171 2111 1237 2160; x_wconf 75' lang='lat' dir='ltr'><strong>pre·</strong></span> 
     </span>
     <span class='ocr_line' id='line_1_24' title="bbox 165 2167 1235 2234; baseline 0.002 -15"><span class='ocrx_word' id='word_1_202' title='bbox 165 2174 213 2220; x_wconf 71' lang='lat' dir='ltr'><strong>bit</strong></span> <span class='ocrx_word' id='word_1_203' title='bbox 240 2170 340 2232; x_wconf 81' lang='lat' dir='ltr'><strong>Derere]</strong></span> <span class='ocrx_word' id='word_1_204' title='bbox 367 2167 409 2216; x_wconf 89' lang='lat' dir='ltr'><strong>Ibi</strong></span> <span class='ocrx_word' id='word_1_205' title='bbox 432 2168 555 2233; x_wconf 82' lang='lat' dir='ltr'><strong>relinque.</strong></span> <span class='ocrx_word' id='word_1_206' title='bbox 598 2168 666 2218; x_wconf 87' lang='lat' dir='ltr'><strong>Nsrn</strong></span> <span class='ocrx_word' id='word_1_207' title='bbox 703 2171 785 2221; x_wconf 89' lang='lat' dir='ltr'><strong>stanti</strong></span> <span class='ocrx_word' id='word_1_208' title='bbox 796 2184 904 2234; x_wconf 82' lang='lat' dir='ltr'><strong>corpore</strong></span> <span class='ocrx_word' id='word_1_209' title='bbox 913 2177 1002 2220; x_wconf 86' lang='lat' dir='ltr'><strong>tauros</strong></span> <span class='ocrx_word' id='word_1_210' title='bbox 1011 2170 1106 2234; x_wconf 80' lang='lat' dir='ltr'><strong>Delige</strong></span> <span class='ocrx_word' id='word_1_211' title='bbox 1114 2177 1143 2221; x_wconf 90' lang='lat' dir='ltr'><strong>et</strong></span> <span class='ocrx_word' id='word_1_212' title='bbox 1153 2171 1235 2221; x_wconf 82' lang='lat' dir='ltr'><strong>intac-</strong></span> 
     </span>
     <span class='ocr_line' id='line_1_25' title="bbox 132 2243 1240 2310; baseline 0.002 -13"><span class='ocrx_word' id='word_1_213' title='bbox 132 2245 230 2310; x_wconf 73' lang='lat' dir='ltr'><strong>alioqui</strong></span> <span class='ocrx_word' id='word_1_214' title='bbox 248 2251 347 2308; x_wconf 81' lang='lat' dir='ltr'><strong>partem</strong></span> <span class='ocrx_word' id='word_1_215' title='bbox 359 2243 543 2294; x_wconf 79' lang='lat' dir='ltr'><strong>sacrificiorum</strong></span> <span class='ocrx_word' id='word_1_216' title='bbox 562 2244 588 2293; x_wconf 89' lang='lat' dir='ltr'><strong>ln</strong></span> <span class='ocrx_word' id='word_1_217' title='bbox 605 2260 667 2309; x_wconf 89' lang='lat' dir='ltr'><strong>epo·</strong></span> <span class='ocrx_word' id='word_1_218' title='bbox 703 2246 1113 2310; x_wconf 84' lang='lat' dir='ltr'><strong>tatutidcmeervicejuvencos.&#39;</strong></span> <span class='ocrx_word' id='word_1_219' title='bbox 1138 2245 1240 2304; x_wconf 58' lang='lat' dir='ltr'><strong>Eodem,</strong></span> 
     </span>
     <span class='ocr_line' id='line_1_26' title="bbox 132 2319 1237 2388; baseline 0 -16"><span class='ocrx_word' id='word_1_220' title='bbox 132 2321 229 2372; x_wconf 82' lang='lat' dir='ltr'><strong>latione</strong></span> <span class='ocrx_word' id='word_1_221' title='bbox 250 2319 430 2369; x_wconf 76' lang='lat' dir='ltr'><strong>comedebant.</strong></span> <span class='ocrx_word' id='word_1_222' title='bbox 465 2319 532 2370; x_wconf 85' lang='lat' dir='ltr'><strong>Vide</strong></span> <span class='ocrx_word' id='word_1_223' title='bbox 552 2335 602 2384; x_wconf 89' lang='lat' dir='ltr'><strong>me,</strong></span> <span class='ocrx_word' id='word_1_224' title='bbox 621 2329 666 2385; x_wconf 79' lang='lat' dir='ltr'><strong>out</strong></span> <span class='ocrx_word' id='word_1_225' title='bbox 702 2322 779 2373; x_wconf 88' lang='lat' dir='ltr'><strong>modo</strong></span> <span class='ocrx_word' id='word_1_226' title='bbox 790 2337 841 2388; x_wconf 88' lang='lat' dir='ltr'><strong>quo</strong></span> <span class='ocrx_word' id='word_1_227' title='bbox 850 2321 980 2387; x_wconf 89' lang='lat' dir='ltr'><strong>superios:</strong></span> <span class='ocrx_word' id='word_1_228' title='bbox 995 2322 1083 2372; x_wconf 62' lang='lat' dir='ltr'><strong>morio</strong></span> <span class='ocrx_word' id='word_1_229' title='bbox 1089 2323 1237 2386; x_wconf 60' lang='lat' dir='ltr'><strong>preconio,</strong></span> 
     </span>
     <span class='ocr_line' id='line_1_27' title="bbox 133 2395 1237 2464; baseline 0 -15"><span class='ocrx_word' id='word_1_230' title='bbox 133 2404 235 2449; x_wconf 84' lang='lat' dir='ltr'><strong>nostros</strong></span> <span class='ocrx_word' id='word_1_231' title='bbox 254 2397 349 2461; x_wconf 91' lang='lat' dir='ltr'><strong>potius,</strong></span> <span class='ocrx_word' id='word_1_232' title='bbox 367 2395 400 2446; x_wconf 88' lang='lat' dir='ltr'><strong>sd</strong></span> <span class='ocrx_word' id='word_1_233' title='bbox 420 2397 507 2447; x_wconf 87' lang='lat' dir='ltr'><strong>Plaut.</strong></span> <span class='ocrx_word' id='word_1_234' title='bbox 525 2399 602 2448; x_wconf 91' lang='lat' dir='ltr'><strong>Milit.</strong></span> <span class='ocrx_word' id='word_1_235' title='bbox 613 2405 665 2449; x_wconf 86' lang='lat' dir='ltr'><strong>act.</strong></span> <span class='ocrx_word' id='word_1_236' title='bbox 703 2403 727 2449; x_wconf 86' lang='lat' dir='ltr'><strong>et</strong></span> <span class='ocrx_word' id='word_1_237' title='bbox 743 2401 853 2462; x_wconf 78' lang='lat' dir='ltr'><strong>intortus,</strong></span> <span class='ocrx_word' id='word_1_238' title='bbox 869 2404 898 2449; x_wconf 91' lang='lat' dir='ltr'><strong>et</strong></span> <span class='ocrx_word' id='word_1_239' title='bbox 916 2397 954 2447; x_wconf 86' lang='lat' dir='ltr'><strong>ita</strong></span> <span class='ocrx_word' id='word_1_240' title='bbox 974 2397 1079 2459; x_wconf 69' lang='lat' dir='ltr'><strong>Inferior</strong></span> <span class='ocrx_word' id='word_1_241' title='bbox 1092 2399 1196 2464; x_wconf 78' lang='lat' dir='ltr'><strong>Orpbeo,</strong></span> <span class='ocrx_word' id='word_1_242' title='bbox 1211 2398 1237 2449; x_wconf 87' lang='lat' dir='ltr'><strong>iu</strong></span> 
     </span>
     <span class='ocr_line' id='line_1_28' title="bbox 133 2474 1072 2524; baseline -0.001 0"><span class='ocrx_word' id='word_1_243' title='bbox 133 2485 177 2524; x_wconf 85' lang='grc' dir='ltr'><strong>ιιι.</strong></span> <span class='ocrx_word' id='word_1_244' title='bbox 190 2479 213 2524; x_wconf 91' lang='lat'><strong>1.</strong></span> <span class='ocrx_word' id='word_1_245' title='bbox 231 2476 345 2523; x_wconf 83' lang='lat' dir='ltr'><strong>Deserere</strong></span> <span class='ocrx_word' id='word_1_246' title='bbox 356 2474 418 2523; x_wconf 83' lang='lat' dir='ltr'><strong>silos</strong></span> <span class='ocrx_word' id='word_1_247' title='bbox 431 2475 507 2523; x_wconf 84' lang='lat' dir='ltr'><strong>etiam</strong></span> <span class='ocrx_word' id='word_1_248' title='bbox 519 2476 595 2524; x_wconf 88' lang='lat' dir='ltr'><strong>estin</strong></span> <span class='ocrx_word' id='word_1_249' title='bbox 614 2482 666 2524; x_wconf 89' lang='lat' dir='ltr'><strong>ter·</strong></span> <span class='ocrx_word' id='word_1_250' title='bbox 704 2474 820 2524; x_wconf 83' lang='lat' dir='ltr'><strong>Romano</strong></span> <span class='ocrx_word' id='word_1_251' title='bbox 832 2475 932 2524; x_wconf 90' lang='lat' dir='ltr'><strong>codice.</strong></span> <span class='ocrx_word' id='word_1_252' title='bbox 966 2474 1072 2523; x_wconf 84' lang='lat' dir='ltr'><strong>Pierius.</strong></span> 
     </span>
     <span class='ocr_line' id='line_1_29' title="bbox 133 2548 1212 2615; baseline 0 -15"><span class='ocrx_word' id='word_1_253' title='bbox 133 2564 188 2600; x_wconf 82' lang='lat' dir='ltr'><strong>rain</strong></span> <span class='ocrx_word' id='word_1_254' title='bbox 211 2550 341 2613; x_wconf 85' lang='lat' dir='ltr'><strong>deponere</strong></span> <span class='ocrx_word' id='word_1_255' title='bbox 362 2550 416 2598; x_wconf 88' lang='lat' dir='ltr'><strong>sive</strong></span> <span class='ocrx_word' id='word_1_256' title='bbox 437 2550 600 2615; x_wconf 80' lang='lat' dir='ltr'><strong>depangere:</strong></span> <span class='ocrx_word' id='word_1_257' title='bbox 630 2552 667 2601; x_wconf 82' lang='lat' dir='ltr'><strong>ilo</strong></span> <span class='ocrx_word' id='word_1_258' title='bbox 735 2550 963 2614; x_wconf 81' lang='lat' dir='ltr'><strong>Iaetbeapopuaern]</strong></span> <span class='ocrx_word' id='word_1_259' title='bbox 979 2548 1108 2614; x_wconf 75' lang='lat' dir='ltr'><strong>Agrestis.</strong></span> <span class='ocrx_word' id='word_1_260' title='bbox 1144 2550 1212 2600; x_wconf 64' lang='lat' dir='ltr'><strong>bero.</strong></span> 
     </span>
     <span class='ocr_line' id='line_1_30' title="bbox 132 2623 1239 2692; baseline -0.002 -15"><span class='ocrx_word' id='word_1_261' title='bbox 132 2629 222 2678; x_wconf 83' lang='lat' dir='ltr'><strong>semino</strong></span> <span class='ocrx_word' id='word_1_262' title='bbox 240 2636 267 2676; x_wconf 87' lang='lat' dir='ltr'><strong>et</strong></span> <span class='ocrx_word' id='word_1_263' title='bbox 285 2629 389 2675; x_wconf 82' lang='lat' dir='ltr'><strong>surculos</strong></span> <span class='ocrx_word' id='word_1_264' title='bbox 407 2627 539 2676; x_wconf 78' lang='lat' dir='ltr'><strong>iobamum</strong></span> <span class='ocrx_word' id='word_1_265' title='bbox 554 2630 668 2692; x_wconf 72' lang='lat' dir='ltr'><strong>deserew,</strong></span> <span class='ocrx_word' id='word_1_266' title='bbox 737 2625 827 2674; x_wconf 67' lang='lat' dir='ltr'><strong>mna</strong></span> <span class='ocrx_word' id='word_1_267' title='bbox 847 2624 974 2689; x_wconf 83' lang='lat' dir='ltr'><strong>papavera]</strong></span> <span class='ocrx_word' id='word_1_268' title='bbox 1018 2623 1061 2673; x_wconf 85' lang='lat' dir='ltr'><strong>Ab</strong></span> <span class='ocrx_word' id='word_1_269' title='bbox 1089 2624 1239 2688; x_wconf 78' lang='lat' dir='ltr'><strong>oblivione3</strong></span> 
     </span>
     <span class='ocr_line' id='line_1_31' title="bbox 133 2699 1238 2768; baseline -0.002 -15"><span class='ocrx_word' id='word_1_270' title='bbox 133 2703 290 2767; x_wconf 74' lang='lat' dir='ltr'><strong>opudVarr.</strong></span> <span class='ocrx_word' id='word_1_271' title='bbox 329 2703 373 2751; x_wconf 81' lang='lat' dir='ltr'><strong>Itu</strong></span> <span class='ocrx_word' id='word_1_272' title='bbox 390 2702 483 2751; x_wconf 83' lang='lat' dir='ltr'><strong>Tibull.</strong></span> <span class='ocrx_word' id='word_1_273' title='bbox 502 2703 534 2752; x_wconf 86' lang='lat' dir='ltr'><strong>el.</strong></span> <span class='ocrx_word' id='word_1_274' title='bbox 554 2717 572 2753; x_wconf 91' lang='lat'><strong>1.</strong></span> <span class='ocrx_word' id='word_1_275' title='bbox 595 2705 668 2768; x_wconf 85' lang='lat' dir='ltr'><strong>stipes</strong></span> <span class='ocrx_word' id='word_1_276' title='bbox 704 2715 763 2749; x_wconf 79' lang='lat' dir='ltr'><strong>nam</strong></span> <span class='ocrx_word' id='word_1_277' title='bbox 785 2699 856 2761; x_wconf 76' lang='grc' dir='ltr'><strong>λήθη,</strong></span> <span class='ocrx_word' id='word_1_278' title='bbox 881 2700 975 2749; x_wconf 90' lang='lat' dir='ltr'><strong>oblivio</strong></span> <span class='ocrx_word' id='word_1_279' title='bbox 997 2706 1044 2750; x_wconf 86' lang='lat' dir='ltr'><strong>est.</strong></span> <span class='ocrx_word' id='word_1_280' title='bbox 1092 2700 1137 2750; x_wconf 90' lang='lat' dir='ltr'><strong>lta</strong></span> <span class='ocrx_word' id='word_1_281' title='bbox 1159 2701 1238 2751; x_wconf 89' lang='lat' dir='ltr'><strong>Ovid.</strong></span> 
     </span>
     <span class='ocr_line' id='line_1_32' title="bbox 132 2774 1239 2841; baseline -0.002 -13"><span class='ocrx_word' id='word_1_282' title='bbox 132 2779 238 2828; x_wconf 67' lang='lat' dir='ltr'><strong>dunno</strong></span> <span class='ocrx_word' id='word_1_283' title='bbox 248 2780 273 2828; x_wconf 85' lang='lat' dir='ltr'><strong>irs</strong></span> <span class='ocrx_word' id='word_1_284' title='bbox 283 2779 359 2839; x_wconf 78' lang='lat' dir='ltr'><strong>agris,</strong></span> <span class='ocrx_word' id='word_1_285' title='bbox 375 2778 461 2840; x_wconf 88' lang='lat' dir='ltr'><strong>idest,</strong></span> <span class='ocrx_word' id='word_1_286' title='bbox 477 2778 573 2828; x_wconf 89' lang='lat' dir='ltr'><strong>desitus</strong></span> <span class='ocrx_word' id='word_1_287' title='bbox 584 2787 611 2829; x_wconf 91' lang='lat' dir='ltr'><strong>et</strong></span> <span class='ocrx_word' id='word_1_288' title='bbox 624 2780 667 2829; x_wconf 90' lang='lat' dir='ltr'><strong>de·</strong></span> <span class='ocrx_word' id='word_1_289' title='bbox 704 2776 783 2827; x_wconf 83' lang='lat' dir='ltr'><strong>Trist.</strong></span> <span class='ocrx_word' id='word_1_290' title='bbox 803 2791 830 2826; x_wconf 88' lang='lat' dir='ltr'><strong>v.</strong></span> <span class='ocrx_word' id='word_1_291' title='bbox 848 2782 872 2827; x_wconf 76' lang='lat'><strong>2.</strong></span> <span class='ocrx_word' id='word_1_292' title='bbox 892 2774 1083 2840; x_wconf 86' lang='lat' dir='ltr'><strong>‘soporiferum</strong></span> <span class='ocrx_word' id='word_1_293' title='bbox 1104 2775 1239 2841; x_wconf 63' lang='lat' dir='ltr'><strong>papaver?</strong></span> 
     </span>
     <span class='ocr_line' id='line_1_33' title="bbox 134 2849 1238 2918; baseline -0.003 -13"><span class='ocrx_word' id='word_1_294' title='bbox 134 2861 242 2918; x_wconf 77' lang='lat' dir='ltr'><strong>pactus:</strong></span> <span class='ocrx_word' id='word_1_295' title='bbox 262 2861 291 2903; x_wconf 91' lang='lat' dir='ltr'><strong>ut</strong></span> <span class='ocrx_word' id='word_1_296' title='bbox 300 2853 396 2918; x_wconf 82' lang='lat' dir='ltr'><strong>Sculig.</strong></span> <span class='ocrx_word' id='word_1_297' title='bbox 408 2853 435 2901; x_wconf 92' lang='lat' dir='ltr'><strong>in</strong></span> <span class='ocrx_word' id='word_1_298' title='bbox 447 2853 591 2916; x_wconf 82' lang='lat' dir='ltr'><strong>conjectos.</strong></span> <span class='ocrx_word' id='word_1_299' title='bbox 620 2855 667 2904; x_wconf 81' lang='lat' dir='ltr'><strong>Sed</strong></span> <span class='ocrx_word' id='word_1_300' title='bbox 704 2853 740 2900; x_wconf 88' lang='lat' dir='ltr'><strong>Et</strong></span> <span class='ocrx_word' id='word_1_301' title='bbox 749 2852 807 2901; x_wconf 76' lang='lat' dir='ltr'><strong>Ge.</strong></span> <span class='ocrx_word' id='word_1_302' title='bbox 820 2865 839 2900; x_wconf 86' lang='lat'><strong>1.</strong></span> <span class='ocrx_word' id='word_1_303' title='bbox 858 2852 973 2902; x_wconf 86' lang='lat' dir='ltr'><strong>‘Letbeo</strong></span> <span class='ocrx_word' id='word_1_304' title='bbox 984 2849 1091 2916; x_wconf 81' lang='lat' dir='ltr'><strong>perlusa</strong></span> <span class='ocrx_word' id='word_1_305' title='bbox 1106 2864 1238 2916; x_wconf 79' lang='lat' dir='ltr'><strong>papavera</strong></span> 
     </span>
     <span class='ocr_line' id='line_1_34' title="bbox 132 2927 932 2980; baseline -0.003 -1"><span class='ocrx_word' id='word_1_306' title='bbox 132 2929 270 2980; x_wconf 84' lang='lat' dir='ltr'><strong>lsorobiter.</strong></span> <span class='ocrx_word' id='word_1_307' title='bbox 304 2929 386 2979; x_wconf 88' lang='lat' dir='ltr'><strong>Idem.</strong></span> <span class='ocrx_word' id='word_1_308' title='bbox 705 2927 811 2977; x_wconf 67' lang='lat' dir='ltr'><strong>somno!</strong></span> <span class='ocrx_word' id='word_1_309' title='bbox 846 2928 932 2977; x_wconf 82' lang='lat' dir='ltr'><strong>Cerdo.</strong></span> 
     </span>
     <span class='ocr_line' id='line_1_35' title="bbox 166 3003 1238 3072; baseline 0.001 -18"><span class='ocrx_word' id='word_1_310' title='bbox 166 3011 216 3056; x_wconf 74' lang='lat' dir='ltr'><strong>sti</strong></span> <span class='ocrx_word' id='word_1_311' title='bbox 236 3005 285 3055; x_wconf 83' lang='lat' dir='ltr'><strong>Ubi</strong></span> <span class='ocrx_word' id='word_1_312' title='bbox 296 3021 356 3055; x_wconf 83' lang='lat' dir='ltr'><strong>norro</strong></span> <span class='ocrx_word' id='word_1_313' title='bbox 374 3021 427 3054; x_wconf 82' lang='lat' dir='ltr'><strong>ruer</strong></span> <span class='ocrx_word' id='word_1_314' title='bbox 444 3008 541 3072; x_wconf 77' lang='lat' dir='ltr'><strong>aurora]</strong></span> <span class='ocrx_word' id='word_1_315' title='bbox 561 3007 667 3057; x_wconf 80' lang='lat' dir='ltr'><strong>Lucret.</strong></span> <span class='ocrx_word' id='word_1_316' title='bbox 737 3003 835 3066; x_wconf 84' lang='lat' dir='ltr'><strong>Mittes]</strong></span> <span class='ocrx_word' id='word_1_317' title='bbox 863 3004 960 3053; x_wconf 85' lang='lat' dir='ltr'><strong>Sumsit</strong></span> <span class='ocrx_word' id='word_1_318' title='bbox 981 3006 1085 3067; x_wconf 89' lang='lat' dir='ltr'><strong>pbrssin</strong></span> <span class='ocrx_word' id='word_1_319' title='bbox 1104 3007 1238 3056; x_wconf 80' lang='lat' dir='ltr'><strong>oLucret.</strong></span> 
     </span>
     <span class='ocr_line' id='line_1_36' title="bbox 133 3080 1239 3146; baseline 0.001 -16"><span class='ocrx_word' id='word_1_320' title='bbox 133 3081 153 3130; x_wconf 91' lang='lat' dir='ltr'><strong>l.</strong></span> <span class='ocrx_word' id='word_1_321' title='bbox 172 3095 211 3130; x_wconf 87' lang='lat' dir='ltr'><strong>vs.</strong></span> <span class='ocrx_word' id='word_1_322' title='bbox 239 3080 313 3128; x_wconf 84' lang='lat' dir='ltr'><strong>‘Aut</strong></span> <span class='ocrx_word' id='word_1_323' title='bbox 336 3081 414 3129; x_wconf 83' lang='lat' dir='ltr'><strong>etism</strong></span> <span class='ocrx_word' id='word_1_324' title='bbox 434 3096 501 3130; x_wconf 85' lang='lat' dir='ltr'><strong>nous</strong></span> <span class='ocrx_word' id='word_1_325' title='bbox 522 3080 668 3132; x_wconf 87' lang='lat' dir='ltr'><strong>reddebant</strong></span> <span class='ocrx_word' id='word_1_326' title='bbox 704 3080 724 3128; x_wconf 88' lang='lat' dir='ltr'><strong>l.</strong></span> <span class='ocrx_word' id='word_1_327' title='bbox 733 3093 775 3128; x_wconf 86' lang='lat'><strong>111.</strong></span> <span class='ocrx_word' id='word_1_328' title='bbox 791 3080 839 3128; x_wconf 86' lang='lat' dir='ltr'><strong>‘et</strong></span> <span class='ocrx_word' id='word_1_329' title='bbox 852 3082 938 3144; x_wconf 83' lang='lat' dir='ltr'><strong>nigras</strong></span> <span class='ocrx_word' id='word_1_330' title='bbox 950 3082 1075 3145; x_wconf 90' lang='lat' dir='ltr'><strong>pecudes,</strong></span> <span class='ocrx_word' id='word_1_331' title='bbox 1086 3097 1150 3146; x_wconf 80' lang='lat' dir='ltr'><strong>quoa</strong></span> <span class='ocrx_word' id='word_1_332' title='bbox 1159 3081 1239 3131; x_wconf 91' lang='lat' dir='ltr'><strong>mani·</strong></span> 
     </span>
     <span class='ocr_line' id='line_1_37' title="bbox 134 3155 1207 3222; baseline -0.001 -14"><span class='ocrx_word' id='word_1_333' title='bbox 134 3157 254 3222; x_wconf 76' lang='lat' dir='ltr'><strong>lampade</strong></span> <span class='ocrx_word' id='word_1_334' title='bbox 264 3157 360 3206; x_wconf 70' lang='lat' dir='ltr'><strong>vitam·</strong></span> <span class='ocrx_word' id='word_1_335' title='bbox 395 3157 537 3207; x_wconf 77' lang='lat' dir='ltr'><strong>Germanus.</strong></span> <span class='ocrx_word' id='word_1_336' title='bbox 705 3156 753 3205; x_wconf 88' lang='lat' dir='ltr'><strong>bus</strong></span> <span class='ocrx_word' id='word_1_337' title='bbox 767 3156 839 3205; x_wconf 88' lang='lat' dir='ltr'><strong>Diris</strong></span> <span class='ocrx_word' id='word_1_338' title='bbox 851 3156 962 3205; x_wconf 81' lang='lat' dir='ltr'><strong>Inferias</strong></span> <span class='ocrx_word' id='word_1_339' title='bbox 974 3155 1097 3206; x_wconf 67' lang='lat' dir='ltr'><strong>mittunt)</strong></span> <span class='ocrx_word' id='word_1_340' title='bbox 1131 3158 1207 3207; x_wconf 82' lang='lat' dir='ltr'><strong>Ideni.</strong></span> 
     </span>
     <span class='ocr_line' id='line_1_38' title="bbox 171 3230 1239 3294; baseline -0.003 -11"><span class='ocrx_word' id='word_1_341' title='bbox 171 3235 219 3284; x_wconf 81' lang='lat' dir='ltr'><strong>Ubi</strong></span> <span class='ocrx_word' id='word_1_342' title='bbox 240 3232 311 3294; x_wconf 80' lang='lat' dir='ltr'><strong>nmio]</strong></span> <span class='ocrx_word' id='word_1_343' title='bbox 348 3234 482 3282; x_wconf 86' lang='lat' dir='ltr'><strong>Iudicatur</strong></span> <span class='ocrx_word' id='word_1_344' title='bbox 499 3233 621 3293; x_wconf 75' lang='grc' dir='ltr'><strong>Ἔννατον,</strong></span> <span class='ocrx_word' id='word_1_345' title='bbox 641 3234 668 3283; x_wconf 92' lang='lat' dir='ltr'><strong>id</strong></span> <span class='ocrx_word' id='word_1_346' title='bbox 738 3235 786 3279; x_wconf 82' lang='lat' dir='ltr'><strong>oto</strong></span> <span class='ocrx_word' id='word_1_347' title='bbox 803 3230 928 3279; x_wconf 78' lang='lat' dir='ltr'><strong>Piaculum</strong></span> <span class='ocrx_word' id='word_1_348' title='bbox 941 3232 1076 3294; x_wconf 78' lang='lat' dir='ltr'><strong>Eurydices</strong></span> <span class='ocrx_word' id='word_1_349' title='bbox 1087 3232 1239 3280; x_wconf 66' lang='lat' dir='ltr'><strong>oitomnnse·</strong></span> 
     </span>
     <span class='ocr_line' id='line_1_39' title="bbox 134 3305 1239 3375; baseline 0.005 -24"><span class='ocrx_word' id='word_1_350' title='bbox 134 3315 185 3373; x_wconf 62' lang='lat' dir='ltr'><strong>ent,</strong></span> <span class='ocrx_word' id='word_1_351' title='bbox 203 3310 356 3359; x_wconf 60' lang='lat' dir='ltr'><strong>Nomine</strong></span> <span class='ocrx_word' id='word_1_352' title='bbox 366 3310 517 3375; x_wconf 58' lang='lat' dir='ltr'><strong>sacrificium,</strong></span> <span class='ocrx_word' id='word_1_353' title='bbox 534 3312 593 3372; x_wconf 68' lang='lat' dir='ltr'><strong>qnod</strong></span> <span class='ocrx_word' id='word_1_354' title='bbox 609 3325 670 3359; x_wconf 71' lang='lat' dir='ltr'><strong>mor.</strong></span> <span class='ocrx_word' id='word_1_355' title='bbox 704 3305 787 3355; x_wconf 82' lang='lat' dir='ltr'><strong>rubere</strong></span> <span class='ocrx_word' id='word_1_356' title='bbox 804 3308 875 3370; x_wconf 76' lang='lat' dir='ltr'><strong>creso]</strong></span> <span class='ocrx_word' id='word_1_357' title='bbox 897 3307 1053 3370; x_wconf 84' lang='lat' dir='ltr'><strong>Hypalloge,</strong></span> <span class='ocrx_word' id='word_1_358' title='bbox 1072 3322 1120 3372; x_wconf 91' lang='lat' dir='ltr'><strong>pro</strong></span> <span class='ocrx_word' id='word_1_359' title='bbox 1134 3322 1239 3362; x_wconf 84' lang='lat' dir='ltr'><strong>venera·</strong></span> 
     </span>
     <span class='ocr_line' id='line_1_40' title="bbox 108 3382 1032 3450; baseline -0.003 -16"><span class='ocrx_word' id='word_1_360' title='bbox 108 3409 114 3421; x_wconf 89' lang='lat'><strong>·</strong></span> <span class='ocrx_word' id='word_1_361' title='bbox 134 3390 175 3434; x_wconf 80' lang='lat' dir='ltr'><strong>tuo</strong></span> <span class='ocrx_word' id='word_1_362' title='bbox 185 3384 263 3450; x_wconf 78' lang='lat' dir='ltr'><strong>fiebat</strong></span> <span class='ocrx_word' id='word_1_363' title='bbox 282 3385 390 3432; x_wconf 71' lang='lat' dir='ltr'><strong>corrodis</strong></span> <span class='ocrx_word' id='word_1_364' title='bbox 409 3388 593 3448; x_wconf 76' lang='lat' dir='ltr'><strong>qisomsepoltus</strong></span> <span class='ocrx_word' id='word_1_365' title='bbox 603 3390 669 3435; x_wconf 66' lang='lat' dir='ltr'><strong>mat:</strong></span> <span class='ocrx_word' id='word_1_366' title='bbox 706 3387 758 3431; x_wconf 86' lang='lat' dir='ltr'><strong>tam</strong></span> <span class='ocrx_word' id='word_1_367' title='bbox 771 3382 895 3446; x_wconf 76' lang='lat' dir='ltr'><strong>placabis.</strong></span> <span class='ocrx_word' id='word_1_368' title='bbox 928 3382 1032 3431; x_wconf 64' lang='lat' dir='ltr'><strong>Seruium</strong></span> 
     </span>
     <span class='ocr_line' id='line_1_41' title="bbox 135 3458 1240 3523; baseline -0.002 -11"><span class='ocrx_word' id='word_1_369' title='bbox 135 3468 166 3512; x_wconf 89' lang='lat' dir='ltr'><strong>ut</strong></span> <span class='ocrx_word' id='word_1_370' title='bbox 180 3461 217 3510; x_wconf 87' lang='lat' dir='ltr'><strong>ait</strong></span> <span class='ocrx_word' id='word_1_371' title='bbox 237 3467 310 3508; x_wconf 89' lang='lat' dir='ltr'><strong>vetus</strong></span> <span class='ocrx_word' id='word_1_372' title='bbox 330 3460 435 3509; x_wconf 78' lang='lat' dir='ltr'><strong>Horatii</strong></span> <span class='ocrx_word' id='word_1_373' title='bbox 453 3461 593 3523; x_wconf 88' lang='lat' dir='ltr'><strong>Interpres.</strong></span> <span class='ocrx_word' id='word_1_374' title='bbox 626 3463 670 3511; x_wconf 82' lang='lat' dir='ltr'><strong>lte</strong></span> <span class='ocrx_word' id='word_1_375' title='bbox 743 3459 825 3509; x_wconf 78' lang='lat' dir='ltr'><strong>Vitnlo</strong></span> <span class='ocrx_word' id='word_1_376' title='bbox 846 3458 984 3508; x_wconf 75' lang='lat' dir='ltr'><strong>omernbere</strong></span> <span class='ocrx_word' id='word_1_377' title='bbox 1005 3461 1077 3522; x_wconf 74' lang='lat' dir='ltr'><strong>creso]</strong></span> <span class='ocrx_word' id='word_1_378' title='bbox 1105 3460 1240 3510; x_wconf 79' lang='lat' dir='ltr'><strong>Venerandi</strong></span> 
     </span>
     <span class='ocr_line' id='line_1_42' title="bbox 135 3535 1241 3602; baseline 0 -16"><span class='ocrx_word' id='word_1_379' title='bbox 135 3536 264 3602; x_wconf 82' lang='lat' dir='ltr'><strong>Apulejus</strong></span> <span class='ocrx_word' id='word_1_380' title='bbox 286 3536 371 3584; x_wconf 87' lang='lat' dir='ltr'><strong>Miles.</strong></span> <span class='ocrx_word' id='word_1_381' title='bbox 393 3548 432 3583; x_wconf 83' lang='lat' dir='ltr'><strong>rx.</strong></span> <span class='ocrx_word' id='word_1_382' title='bbox 455 3536 585 3600; x_wconf 87' lang='lat' dir='ltr'><strong>‘Jamque</strong></span> <span class='ocrx_word' id='word_1_383' title='bbox 601 3552 669 3586; x_wconf 89' lang='lat' dir='ltr'><strong>nono</strong></span> <span class='ocrx_word' id='word_1_384' title='bbox 707 3535 814 3584; x_wconf 83' lang='lat' dir='ltr'><strong>verbum</strong></span> <span class='ocrx_word' id='word_1_385' title='bbox 826 3551 913 3585; x_wconf 87' lang='lat' dir='ltr'><strong>omnes</strong></span> <span class='ocrx_word' id='word_1_386' title='bbox 934 3536 1019 3585; x_wconf 87' lang='lat' dir='ltr'><strong>cultus</strong></span> <span class='ocrx_word' id='word_1_387' title='bbox 1039 3536 1120 3584; x_wconf 88' lang='lat' dir='ltr'><strong>divini</strong></span> <span class='ocrx_word' id='word_1_388' title='bbox 1139 3537 1241 3599; x_wconf 86' lang='lat' dir='ltr'><strong>species</strong></span> 
     </span>
     <span class='ocr_line' id='line_1_43' title="bbox 135 3611 1243 3678; baseline -0.001 -16"><span class='ocrx_word' id='word_1_389' title='bbox 135 3612 179 3662; x_wconf 87' lang='lat' dir='ltr'><strong>die</strong></span> <span class='ocrx_word' id='word_1_390' title='bbox 201 3615 252 3662; x_wconf 92' lang='lat' dir='ltr'><strong>rite</strong></span> <span class='ocrx_word' id='word_1_391' title='bbox 275 3611 411 3676; x_wconf 88' lang='lat' dir='ltr'><strong>completis</strong></span> <span class='ocrx_word' id='word_1_392' title='bbox 432 3612 465 3659; x_wconf 86' lang='lat' dir='ltr'><strong>ad</strong></span> <span class='ocrx_word' id='word_1_393' title='bbox 488 3613 613 3661; x_wconf 85' lang='lat' dir='ltr'><strong>tumulum</strong></span> <span class='ocrx_word' id='word_1_394' title='bbox 632 3628 670 3662; x_wconf 85' lang='lat' dir='ltr'><strong>so·</strong></span> <span class='ocrx_word' id='word_1_395' title='bbox 707 3613 885 3662; x_wconf 89' lang='lat' dir='ltr'><strong>communione</strong></span> <span class='ocrx_word' id='word_1_396' title='bbox 908 3613 1017 3678; x_wconf 80' lang='lat' dir='ltr'><strong>quodum</strong></span> <span class='ocrx_word' id='word_1_397' title='bbox 1046 3613 1243 3675; x_wconf 86' lang='lat' dir='ltr'><strong>complectitur,</strong></span> 
     </span>
     <span class='ocr_line' id='line_1_44' title="bbox 134 3687 1240 3754; baseline 0 -17"><span class='ocrx_word' id='word_1_398' title='bbox 134 3688 279 3738; x_wconf 62' lang='lat' dir='ltr'><strong>lemnibusss</strong></span> <span class='ocrx_word' id='word_1_399' title='bbox 316 3689 349 3736; x_wconf 90' lang='lat' dir='ltr'><strong>V.</strong></span> <span class='ocrx_word' id='word_1_400' title='bbox 371 3687 406 3736; x_wconf 92' lang='lat' dir='ltr'><strong>N.</strong></span> <span class='ocrx_word' id='word_1_401' title='bbox 425 3688 483 3735; x_wconf 85' lang='lat' dir='ltr'><strong>AEn.</strong></span> <span class='ocrx_word' id='word_1_402' title='bbox 503 3700 529 3735; x_wconf 88' lang='lat' dir='ltr'><strong>v.</strong></span> <span class='ocrx_word' id='word_1_403' title='bbox 546 3691 586 3738; x_wconf 77' lang='grc'><strong>64.</strong></span> <span class='ocrx_word' id='word_1_404' title='bbox 606 3689 669 3738; x_wconf 88' lang='lat' dir='ltr'><strong>item</strong></span> <span class='ocrx_word' id='word_1_405' title='bbox 707 3695 736 3738; x_wconf 92' lang='lat' dir='ltr'><strong>ut</strong></span> <span class='ocrx_word' id='word_1_406' title='bbox 755 3689 868 3740; x_wconf 86' lang='lat' dir='ltr'><strong>Brisson.</strong></span> <span class='ocrx_word' id='word_1_407' title='bbox 887 3689 919 3737; x_wconf 88' lang='lat' dir='ltr'><strong>de</strong></span> <span class='ocrx_word' id='word_1_408' title='bbox 931 3690 1015 3754; x_wconf 85' lang='lat' dir='ltr'><strong>Form.</strong></span> <span class='ocrx_word' id='word_1_409' title='bbox 1028 3690 1045 3737; x_wconf 93' lang='lat' dir='ltr'><strong>l.</strong></span> <span class='ocrx_word' id='word_1_410' title='bbox 1056 3703 1077 3737; x_wconf 86' lang='lat'><strong>1.</strong></span> <span class='ocrx_word' id='word_1_411' title='bbox 1111 3690 1197 3741; x_wconf 80' lang='lat' dir='ltr'><strong>Quem</strong></span> <span class='ocrx_word' id='word_1_412' title='bbox 1217 3689 1240 3737; x_wconf 89' lang='lat' dir='ltr'><strong>si</strong></span> 
     </span>
     <span class='ocr_line' id='line_1_45' title="bbox 135 3762 1241 3829; baseline 0.001 -16"><span class='ocrx_word' id='word_1_413' title='bbox 135 3764 188 3814; x_wconf 79' lang='lat' dir='ltr'><strong>Iob.</strong></span> <span class='ocrx_word' id='word_1_414' title='bbox 200 3765 388 3813; x_wconf 81' lang='lat' dir='ltr'><strong>Kirobmarmnm</strong></span> <span class='ocrx_word' id='word_1_415' title='bbox 407 3763 440 3812; x_wconf 88' lang='lat' dir='ltr'><strong>de</strong></span> <span class='ocrx_word' id='word_1_416' title='bbox 452 3762 572 3814; x_wconf 87' lang='lat' dir='ltr'><strong>Funerib.</strong></span> <span class='ocrx_word' id='word_1_417' title='bbox 595 3767 668 3815; x_wconf 89' lang='lat' dir='ltr'><strong>Rom.</strong></span> <span class='ocrx_word' id='word_1_418' title='bbox 707 3763 792 3827; x_wconf 81' lang='lat' dir='ltr'><strong>odeas,</strong></span> <span class='ocrx_word' id='word_1_419' title='bbox 823 3762 939 3813; x_wconf 81' lang='lat' dir='ltr'><strong>facturus</strong></span> <span class='ocrx_word' id='word_1_420' title='bbox 961 3778 1047 3827; x_wconf 83' lang='lat' dir='ltr'><strong>operae</strong></span> <span class='ocrx_word' id='word_1_421' title='bbox 1070 3778 1096 3812; x_wconf 82' lang='lat' dir='ltr'><strong>es</strong></span> <span class='ocrx_word' id='word_1_422' title='bbox 1118 3763 1241 3829; x_wconf 87' lang='lat' dir='ltr'><strong>pretium.</strong></span> 
     </span>
     <span class='ocr_line' id='line_1_46' title="bbox 136 3841 850 3891; baseline -0.004 0"><span class='ocrx_word' id='word_1_423' title='bbox 136 3846 213 3891; x_wconf 68' lang='lat' dir='ltr'><strong>ml.</strong></span> <span class='ocrx_word' id='word_1_424' title='bbox 248 3842 393 3890; x_wconf 80' lang='lat' dir='ltr'><strong>Tunbmorrrs.</strong></span> <span class='ocrx_word' id='word_1_425' title='bbox 706 3841 850 3888; x_wconf 78' lang='lat' dir='ltr'><strong>Emmerress.</strong></span> 
     </span>
     <span class='ocr_line' id='line_1_47' title="bbox 171 3913 1242 3981; baseline 0 -16"><span class='ocrx_word' id='word_1_426' title='bbox 171 3921 218 3966; x_wconf 79' lang='lat'><strong>64⁵</strong></span> <span class='ocrx_word' id='word_1_427' title='bbox 237 3916 342 3976; x_wconf 73' lang='lat' dir='ltr'><strong>quertos</strong></span> <span class='ocrx_word' id='word_1_428' title='bbox 354 3916 454 3981; x_wconf 80' lang='lat' dir='ltr'><strong>Orphei]</strong></span> <span class='ocrx_word' id='word_1_429' title='bbox 471 3918 508 3966; x_wconf 92' lang='lat' dir='ltr'><strong>Ut</strong></span> <span class='ocrx_word' id='word_1_430' title='bbox 519 3917 613 3965; x_wconf 88' lang='lat' dir='ltr'><strong>irarum</strong></span> <span class='ocrx_word' id='word_1_431' title='bbox 624 3917 669 3967; x_wconf 91' lang='lat' dir='ltr'><strong>ob·</strong></span> <span class='ocrx_word' id='word_1_432' title='bbox 737 3921 787 3965; x_wconf 74' lang='lat'><strong>647</strong></span> <span class='ocrx_word' id='word_1_433' title='bbox 805 3917 911 3977; x_wconf 79' lang='lat' dir='ltr'><strong>Nigrum</strong></span> <span class='ocrx_word' id='word_1_434' title='bbox 921 3915 996 3977; x_wconf 88' lang='lat' dir='ltr'><strong>ooem]</strong></span> <span class='ocrx_word' id='word_1_435' title='bbox 1013 3914 1081 3964; x_wconf 86' lang='lat' dir='ltr'><strong>Nam</strong></span> <span class='ocrx_word' id='word_1_436' title='bbox 1093 3913 1127 3962; x_wconf 90' lang='lat' dir='ltr'><strong>ad</strong></span> <span class='ocrx_word' id='word_1_437' title='bbox 1139 3915 1242 3978; x_wconf 79' lang='lat' dir='ltr'><strong>placen·</strong></span> 
     </span>
     <span class='ocr_line' id='line_1_48' title="bbox 136 3989 1242 4056; baseline -0.002 -13"><span class='ocrx_word' id='word_1_438' title='bbox 136 3994 277 4044; x_wconf 86' lang='lat' dir='ltr'><strong>livlsoatur.</strong></span> <span class='ocrx_word' id='word_1_439' title='bbox 311 3993 421 4054; x_wconf 81' lang='lat' dir='ltr'><strong>Pbilnrg.</strong></span> <span class='ocrx_word' id='word_1_440' title='bbox 706 3992 767 4040; x_wconf 90' lang='lat' dir='ltr'><strong>dum</strong></span> <span class='ocrx_word' id='word_1_441' title='bbox 788 3993 932 4056; x_wconf 86' lang='lat' dir='ltr'><strong>Orpheum,</strong></span> <span class='ocrx_word' id='word_1_442' title='bbox 954 3991 998 4055; x_wconf 90' lang='lat' dir='ltr'><strong>qui</strong></span> <span class='ocrx_word' id='word_1_443' title='bbox 1014 3990 1070 4052; x_wconf 90' lang='lat' dir='ltr'><strong>jam</strong></span> <span class='ocrx_word' id='word_1_444' title='bbox 1089 3991 1115 4038; x_wconf 92' lang='lat' dir='ltr'><strong>in</strong></span> <span class='ocrx_word' id='word_1_445' title='bbox 1134 3989 1242 4041; x_wconf 80' lang='lat' dir='ltr'><strong>Inferis.</strong></span> 
     </span>
     <span class='ocr_line' id='line_1_49' title="bbox 171 4065 1241 4133; baseline -0.003 -14"><span class='ocrx_word' id='word_1_446' title='bbox 171 4069 275 4130; x_wconf 77' lang='lat' dir='ltr'><strong>Irsferioo</strong></span> <span class='ocrx_word' id='word_1_447' title='bbox 297 4069 398 4133; x_wconf 76' lang='lat' dir='ltr'><strong>Orphei]</strong></span> <span class='ocrx_word' id='word_1_448' title='bbox 421 4070 525 4118; x_wconf 89' lang='lat' dir='ltr'><strong>Lucret.</strong></span> <span class='ocrx_word' id='word_1_449' title='bbox 546 4083 577 4120; x_wconf 93' lang='grc' dir='ltr'><strong>ιι.</strong></span> <span class='ocrx_word' id='word_1_450' title='bbox 593 4068 668 4119; x_wconf 69' lang='grc' dir='ltr'><strong>ιΜιι-</strong></span> <span class='ocrx_word' id='word_1_451' title='bbox 707 4068 750 4115; x_wconf 89' lang='lat' dir='ltr'><strong>De</strong></span> <span class='ocrx_word' id='word_1_452' title='bbox 770 4069 819 4116; x_wconf 90' lang='lat' dir='ltr'><strong>boc</strong></span> <span class='ocrx_word' id='word_1_453' title='bbox 840 4081 911 4114; x_wconf 87' lang='lat' dir='ltr'><strong>more</strong></span> <span class='ocrx_word' id='word_1_454' title='bbox 933 4066 1016 4114; x_wconf 88' lang='lat' dir='ltr'><strong>dicam</strong></span> <span class='ocrx_word' id='word_1_455' title='bbox 1038 4065 1109 4115; x_wconf 86' lang='lat' dir='ltr'><strong>alibi.</strong></span> <span class='ocrx_word' id='word_1_456' title='bbox 1162 4067 1241 4126; x_wconf 83' lang='lat' dir='ltr'><strong>Nunc</strong></span> 
     </span>
     <span class='ocr_line' id='line_1_50' title="bbox 137 4135 1241 4194; baseline -0.002 0"><span class='ocrx_word' id='word_1_457' title='bbox 137 4143 214 4194; x_wconf 86' lang='lat' dir='ltr'><strong>uibus</strong></span> <span class='ocrx_word' id='word_1_458' title='bbox 235 4145 302 4194; x_wconf 86' lang='lat' dir='ltr'><strong>divis</strong></span> <span class='ocrx_word' id='word_1_459' title='bbox 324 4143 433 4193; x_wconf 85' lang='lat' dir='ltr'><strong>inferias</strong></span> <span class='ocrx_word' id='word_1_460' title='bbox 456 4145 580 4194; x_wconf 73' lang='lat' dir='ltr'><strong>mittunt!</strong></span> <span class='ocrx_word' id='word_1_461' title='bbox 629 4146 669 4193; x_wconf 85' lang='lat' dir='ltr'><strong>Irr-</strong></span> <span class='ocrx_word' id='word_1_462' title='bbox 707 4148 808 4192; x_wconf 80' lang='lat' dir='ltr'><strong>tantum</strong></span> <span class='ocrx_word' id='word_1_463' title='bbox 824 4141 922 4190; x_wconf 77' lang='lat' dir='ltr'><strong>Arnob.</strong></span> <span class='ocrx_word' id='word_1_464' title='bbox 940 4141 1000 4190; x_wconf 85' lang='lat' dir='ltr'><strong>audi</strong></span> <span class='ocrx_word' id='word_1_465' title='bbox 1022 4135 1102 4190; x_wconf 73' lang='lat' dir='ltr'><strong>Lusi.</strong></span> <span class='ocrx_word' id='word_1_466' title='bbox 1119 4141 1241 4192; x_wconf 85' lang='lat' dir='ltr'><strong>adversus</strong></span> 
     </span>
     <span class='ocr_line' id='line_1_51' title="bbox 131 4215 1242 4282; baseline -0.004 -12"><span class='ocrx_word' id='word_1_467' title='bbox 131 4219 211 4282; x_wconf 79' lang='lat' dir='ltr'><strong>serios</strong></span> <span class='ocrx_word' id='word_1_468' title='bbox 245 4227 331 4271; x_wconf 80' lang='lat' dir='ltr'><strong>eutem</strong></span> <span class='ocrx_word' id='word_1_469' title='bbox 358 4219 392 4268; x_wconf 86' lang='lat' dir='ltr'><strong>ab</strong></span> <span class='ocrx_word' id='word_1_470' title='bbox 418 4219 540 4282; x_wconf 73' lang='lat' dir='ltr'><strong>inferendo</strong></span> <span class='ocrx_word' id='word_1_471' title='bbox 568 4227 670 4271; x_wconf 86' lang='lat' dir='ltr'><strong>constat</strong></span> <span class='ocrx_word' id='word_1_472' title='bbox 707 4222 815 4280; x_wconf 72' lang='lat' dir='ltr'><strong>gentes:</strong></span> <span class='ocrx_word' id='word_1_473' title='bbox 832 4217 918 4269; x_wconf 80' lang='lat' dir='ltr'><strong>‘Quae</strong></span> <span class='ocrx_word' id='word_1_474' title='bbox 935 4216 1102 4266; x_wconf 86' lang='lat' dir='ltr'><strong>incoloribus</strong></span> <span class='ocrx_word' id='word_1_475' title='bbox 1112 4215 1242 4282; x_wconf 80' lang='lat' dir='ltr'><strong>retloest,</strong></span> 
     </span>
    </p>
   </div>
   <div class='ocr_carea' id='block_1_3' title="bbox 133 4293 1243 4371">
    <p class='ocr_par' dir='ltr' id='par_1_3' title="bbox 133 4293 1243 4371">
     <span class='ocr_line' id='line_1_52' title="bbox 133 4293 1243 4371; baseline -0.005 -19"><span class='ocrx_word' id='word_1_476' title='bbox 133 4297 220 4352; x_wconf 86' lang='lat' dir='ltr'><strong>dictas</strong></span> <span class='ocrx_word' id='word_1_477' title='bbox 238 4311 273 4352; x_wconf 82' lang='lat' dir='ltr'><strong>ex</strong></span> <span class='ocrx_word' id='word_1_478' title='bbox 292 4296 353 4367; x_wconf 85' lang='lat' dir='ltr'><strong>ipso</strong></span> <span class='ocrx_word' id='word_1_479' title='bbox 370 4295 496 4366; x_wconf 73' lang='lat' dir='ltr'><strong>Virgilio:</strong></span> <span class='ocrx_word' id='word_1_480' title='bbox 511 4295 674 4350; x_wconf 70' lang='lat' dir='ltr'><strong>‘inferimus</strong></span> <span class='ocrx_word' id='word_1_481' title='bbox 707 4300 741 4346; x_wconf 83' lang='lat' dir='ltr'><strong>ut</strong></span> <span class='ocrx_word' id='word_1_482' title='bbox 753 4294 846 4346; x_wconf 78' lang='lat' dir='ltr'><strong>nerito</strong></span> <span class='ocrx_word' id='word_1_483' title='bbox 857 4294 896 4346; x_wconf 88' lang='lat' dir='ltr'><strong>bis</strong></span> <span class='ocrx_word' id='word_1_484' title='bbox 907 4293 987 4356; x_wconf 81' lang='lat' dir='ltr'><strong>albas.</strong></span> <span class='ocrx_word' id='word_1_485' title='bbox 1004 4293 1057 4347; x_wconf 91' lang='lat' dir='ltr'><strong>illis</strong></span> <span class='ocrx_word' id='word_1_486' title='bbox 1068 4300 1138 4347; x_wconf 76' lang='lat' dir='ltr'><strong>otrus</strong></span> <span class='ocrx_word' id='word_1_487' title='bbox 1149 4309 1243 4371; x_wconf 54' lang='lat' dir='ltr'><strong>conns</strong></span> 
     </span>
    </p>
   </div>
   <div class='ocr_carea' id='block_1_4' title="bbox 0 0 1385 4696">
    <p class='ocr_par' dir='ltr' id='par_1_4' title="bbox 0 0 1385 4696">
     <span class='ocr_line' id='line_1_53' title="bbox 0 0 1385 4696; baseline 0 0"><span class='ocrx_word' id='word_1_488' title='bbox 0 0 1385 4696; x_wconf 95' lang='lat' dir='ltr'><strong> </strong></span> 
     </span>
    </p>
   </div>
  </div>
 </body>
</html>
